2726 4676
290 435 362 530 alla¹
457 467 501 512 aa
529 465 675 512 sturnus
701 465 743 512 er
769 463 891 510 catxsts
918 461 1125 518 uonaouult

288 573 393 668 quod
406 601 450 648 ex
469 575 728 650 observatione
747 575 959 673 apparebit,
973 577 1103 648 iisdem
1124 597 1218 672 quas
1231 596 1287 644 su·

273 731 275 734 -
289 715 356 786 pra
372 691 426 788 (1)
444 693 667 781 memoravi,
685 693 817 766 litteris
828 693 873 766 ad
889 719 948 766 nte
963 696 1099 791 scripta
1111 718 1132 763 a
1144 691 1284 764 medico

241 855 243 866 ι
288 806 610 904 experientissimo
627 811 829 882 Laurentio
840 811 1018 884 Mariano.

338 921 394 996 25.
415 925 711 1000 Adolescentulae
730 929 877 998 rusticae
906 951 1010 1000 ossea
1033 926 1186 1002 crinalis
1205 947 1285 996 acus

288 1041 421 1114 eodem
432 1069 526 1140 ,quo
543 1043 754 1142 prioribus,
767 1044 894 1132 mode,
911 1045 951 1116 in
965 1045 1125 1117 vesicam
1137 1056 1285 1116 attracta

287 1159 356 1228 etsi
384 1159 535 1236 dolores
562 1161 826 1258 molestiasque
845 1159 994 1232 creabat
1015 1160 1178 1245 multas;
1212 1181 1283 1230 uon

228 1273 231 1280 ’
286 1289 394 1348 antea
413 1292 539 1375 tamen
559 1277 645 1350 faeti
663 1275 938 1352 confessionem
955 1277 1155 1375 expressit,
1175 1299 1283 1372 quam

287 1393 430 1480 ¹calculo
448 1399 531 1468 acui
551 1397 707 1484 adnat0,
723 1395 953 1468 intolerabili
969 1396 1137 1470 cruciatu
1157 1391 1284 1466 aflecta

286 1526 350 1582 est.
373 1516 478 1584 Tunc
502 1513 665 1610 denique
692 1537 777 1584 cum
800 1514 1068 1612 inspiceretur,
1087 1535 1178 1582 aeus
1206 1533 1283 1582 mu-

284 1649 350 1698 cro
365 1683 374 1714 ,
390 1630 544 1702 urethra
570 1655 689 1728 prope
710 1628 878 1702 infimam
899 1627 1186 1726 vaginae‘sedem
1203 1651 1282 1725 per-

282 1759 383 1838 tusa,
400 1748 496 1820 intra
517 1748 631 1844 hujus
648 1771 780 1818 cavum
798 1748 1019 1843 prominens
1031 1760 1206 1842 repertus
1222 1759 1280 1816 est.

283 1863 413 1936 Visum
433 1868 623 1953 Mariano,
650 1867 679 1936 si
699 1863 876 1938 nonnihil
895 1863 1101 1964 secundum
1124 1864 1270 1960 longitu

284 1977 412 2052 dinem
423 1982 577 2054 urethra
595 1981 844 2068 incideretur,
861 2005 1020 2054 acumen
1038 1979 1136 2061 illud
1146 1981 1187 2053 in
1204 2003 1282 2052 ure·

281 2096 405 2171 thram
434 2123 542 2196 posse
575 2098 734 2188 retrahi,
765 2101 893 2196 sieque
919 2123 989 2170 acu
1021 2111 1062 2170 et·
1081 2097 1234 2168 calculo
1246 2097 1280 2168 iu

282 2213 465 2292 directum
501 2218 663 2304 statutis,
690 2217 845 2304 tentari,
884 2241 933 2288 an
971 2215 1092 2302 hune,
1117 2211 1280 2312 fragilem

222 2395 225 2404 .
282 2328 458 2420 tortasse,
488 2333 768 2430 desquamando
798 2335 957 2421 sensim,
978 2348 1014 2404 et
1038 2332 1210 2420 dextere,
1238 2328 1280 2400 ad

282 2471 364 2520 eam
383 2449 552 2548 redigere
568 2451 787 2522 tenuitatem
801 2449 951 2537 liceret,
970 2463 1011 2521 ut
1025 2473 1108 2522 cum
1128 2472 1200 2521 acu
1216 2446 1281 2518 exi·

282 2580 459 2638 meretur.
489 2567 750 2665 Repugnantia
782 2566 940 2638 aliorum
965 2565 1101 2638 factum
1130 2579 1211 2652 est,
1245 2577 1279 2637 ut

281 2681 385 2754 nulla
401 2708 441 2754 re
460 2699 611 2780 tentata,
627 2709 699 2758 suae
710 2685 801 2756 sorti
815 2685 949 2756 misera
963 2682 1086 2780 puella
1096 2682 1280 2781 relinque

188 2785 214 2830 ³³
280 2812 395 2872 retur.
416 2802 465 2872 Ut
480 2817 651 2900 tempus,
684 2802 735 2874 sic
759 2800 926 2872 calculus
944 2823 1115 2897 quoque,
1143 2815 1181 2872 et
1203 2823 1279 2872 cru·

281 2919 398 2991 ciatus
422 2919 673 3017 augebantur,
701 2918 955 3014 obturatoque
974 2917 1050 3012 jam
1079 2941 1277 3014 propemo-

278 3032 459 3126 dumtoto
467 3037 595 3110 vesicae
603 3033 750 3106 orificio
762 3036 838 3122 ,vix
848 3058 975 3132 paucae
987 3057 1113 3131 eaeque
1128 3057 1279 3130 graveo-

278 3149 418 3240 lentes,
438 3155 555 3226 urinae
571 3153 733 3226 exibant.
754 3147 995 3226 Siofebribus
1011 3175 1168 3248 quoque
1187 3174 1277 3224 acce·

278 3265 474 3358 dentibus,
493 3269 645 3344 tandem
671 3271 753 3341 vitae
771 3267 931 3375 infelicis
960 3265 1078 3340 factus
1107 3283 1164 3342 est
1185 3265 1273 3340 finis.

278 3386 419 3456 Ventre
430 3397 577 3484 apertu,
594 3387 711 3486 pusin
721 3387 834 3482 hujus
842 3386 1194 3484 pelviconspectum
1209 3401 1275 3470 est,

280 3501 576 3600 creditumquea
594 3504 760 3593 renibus,
773 3505 840 3602 qui
851 3500 1245 3601 suppuratierant,elf
1264 3537 1276 3554 ·

281 3641 376 3690 sum.
398 3623 536 3692 Vesicae
559 3623 736 3720 sphacelo
758 3637 939 3718 correpte
967 3620 1088 3692 inerat
1115 3619 1275 3692 calculus

316 3987 360 4066 (ι)
380 3992 418 4048 N·
441 4007 489 4047 ²²·

1271 1901 1284 1916 ο
