2740 4670
280 417 351 504 364
438 439 484 488 ns
510 437 655 488 sentens
681 439 725 486 rn
750 437 874 486 musis
899 435 1110 486 nonnosum

281 552 614 652 comprehensam
634 567 671 622 et
696 550 821 621 videte
850 551 990 648 poteris
1021 549 1177 620 Paulum
1203 553 1278 619 Bar-

281 669 496 764 bettum(1)
513 670 710 765 aliquoties
728 669 764 736 in
780 667 1023 738 cadaveribus
1040 667 1280 737 demonstras·

282 804 340 874 se,
357 788 424 858 etsi
444 786 645 856 umbilicus
665 786 747 861 ethi
764 783 1080 880 subseqnentiluts
1104 785 1281 854 intestinis

282 908 400 978 instar
420 905 551 1002 capitis
564 904 681 974 virilis
700 902 986 1000 protuberaret‚
1006 898 1169 972 attamen
1192 906 1282 998 [γεή-

285 1039 449 1094 tonoeum
474 1018 585 1092 fuisse
603 1045 828 1118 expansum,
849 1017 917 1088 sed
939 1043 1124 1114 nusquam
1147 1018 1284 1116 dz'srnp·

287 1153 382 1222 tunm
401 1141 564 1234 itemque
575 1140 834 1235 Ilottiugerum
845 1137 905 1232 (α)
916 1138 951 1206 iu
965 1135 1286 1234 mulierist'nnpha·

290 1255 410 1327 loetle
427 1255 609 1326 diametro
629 1253 761 1352 pedem
782 1273 972 1350 sequente,
989 1270 1051 1325 aut
1071 1269 1286 1352 supet-ante,

290 1389 374 1444 cute
393 1372 575 1456 detracta,
588 1381 860 1472 peritnnoeum,
881 1378 971 1444 cutis
987 1388 1155 1444 externae
1170 1379 1287 1444 crassi-

295 1498 379 1564 u'em
389 1507 426 1562 et
437 1491 658 1561 densitatem
673 1489 873 1578 centulam,
890 1489 1203 1584 secatudzfficile,
1216 1517 1289 1591 npe-

292 1613 427 1696 ruisse‚
446 1615 588 1678 interne
608 1613 778 1676 intestina
785 1609 956 1703 firmiter
975 1633 1129 1678 arenexn
1151 1625 1288 1696 tenens,

292 1741 333 1796 ut
350 1725 388 1794 in
406 1725 529 1824 puella
542 1777 554 1822 ,ἵ
568 1723 615 1794 ab
635 1722 808 1793 Schulziu
831 1722 890 1820 (3)
913 1723 1093 1810 dissecta,
1120 1725 1287 1796 adnutum

294 1841 485 1940 plerisque
504 1842 597 1942 locis
615 1839 776 1912 habehat
795 1851 1002 1911 omentum.
1025 1846 1105 1912 Huc
1133 1843 1230 1915 adde
1246 1841 1287 1912 itt.

263 2041 266 2048 ,
294 1959 431 2029 Helleri
447 1960 502 2056 (4)
521 1958 844 2074 observationem,
864 1960 928 2053 qui
947 1959 1041 2030 sicut
1059 1960 1096 2026 in
1119 1959 1202 2031 aliis
1219 1958 1289 2030 her-

296 2077 367 2146 niis
381 2077 566 2172 integrum
577 2077 776 2172 'peritunaei
790 2099 957 2162 succum,
974 2078 1022 2145 ita
1040 2077 1079 2144 in
1100 2076 1289 2174 exompha·

297 2190 334 2262 ln
353 2217 506 2288 quoque
522 2191 782 2289 deprehendit.
804 2191 952 2282 Quibus
972 2192 1290 2266 observationibus

298 2311 492 2406 spectatis,
511 2306 662 2380 fortasse
683 2309 952 2407 suspicaberis,
974 2312 1012 2379 iu
1032 2313 1226 2382 nonnullis
1237 2311 1294 2382 sal·

297 2441 373 2497 tem
405 2427 563 2498 Dinnisii
594 2425 883 2498 dissectionibus
916 2429 1165 2523 peritonaeum
1196 2427 1292 2500 valde

300 2557 564 2630 extenuatum,
597 2558 774 2640 arcteque
803 2569 888 2614 cum
919 2545 1189 2641 integumentis
1219 2571 1294 2618 cou-

300 2685 456 2746 nexnw,
475 2662 555 2756 ejus
581 2662 715 2732 oculos
738 2659 920 2732 fefellisse.
939 2667 980 2732 ln
1000 2661 1131 2734 hernia
1152 2680 1301 2762 quoque

301 2779 438 2850 crurali
457 2779 501 2849 cl.
520 2781 639 2848 virum
662 2769 717 2873 (5)
738 2779 822 2874 lego
851 2784 889 2848 in
916 2785 1017 2877 rupti
1025 2783 1294 2878 peritonoet'so·

302 2921 387 2983 nea,
408 2897 574 2980 omenti,
590 2896 662 2966 coli
676 2910 788 2991 atque
803 2895 864 2966 ilei
879 2899 1093 2993 portionem
1108 2900 1293 2970 invenisse.

299 3012 558 3109 Verehyeuius
568 3012 623 3108 (6)
639 3029 763 3082 tamen
784 3014 850 3108 qui
868 3013 967 3082 inter
991 3016 1135 3111 primos
1154 3015 1226 3087 hoc
1245 3037 1294 3112 ge·

303 3152 375 3200 nus
392 3127 548 3216 bernice,
571 3143 606 3200 et
624 3129 818 3224 quomodo
837 3153 879 3200 ea
898 3130 1100 3203 interclusa
1118 3133 1205 3229 aegri
1228 3154 1296 3202 mo·

344 3462 387 3544 (t)
409 3467 485 3523 Sect.
501 3467 556 3522 hac
572 3467 725 3540 Sepulchr.
740 3484 794 3542 29,
810 3468 874 3523 obs.
891 3487 917 3524 1.
1156 3503 1161 3512 ·
1196 3543 1198 3548 ,

343 3559 386 3644 (a)
407 3565 660 3639 Ept1.1t.c.dee.
676 3567 709 3636 3,
724 3569 760 3622 A.
776 3577 837 3640 9et
855 3585 907 3638 ιο,
925 3568 991 3624 obs.
1010 3567 1077 3626 231.

265 3699 267 3704 ,
344 3662 387 3742 (3)
410 3667 476 3720 Aet.
491 3666 528 3719 N.
543 3666 577 3720 C.
595 3676 666 3721 tom.
684 3687 717 3737 1,
733 3667 763 3722 in
773 3668 837 3724 obs.
853 3667 920 3723 226.

345 3762 389 3841 (Ι.)
409 3766 552 3838 Opuscul.
565 3767 680 3840 pathol.
694 3767 760 3823 obs.
775 3786 811 3842 29
824 3779 852 3824 et
868 3787 930 3843 seq.

343 3861 388 3940 (5)
410 3866 575 3920 Commerc.
591 3867 680 3920 litter.
694 3885 740 3922 an.
758 3866 848 3938 1745,
863 3863 952 3922 hebd.
968 3874 1023 3942 24,
1035 3886 1065 3924 n.
1084 3887 1110 3927 1.

348 3957 391 4040 (6)
412 3966 507 4020 Anat.
520 3983 603 4042 corp.
616 3965 700 4036 hum.
714 3967 734 4023 l.
750 3986 780 4039 ι,
797 3977 835 4024 tr.
851 3985 884 4039 n,
901 3985 926 4026 c.
942 3985 969 4040 7.
