2810 4668
300 399 371 498 570
465 426 512 472 nn
538 403 685 472 sabinus
711 425 755 470 ar
780 423 915 472 cinsrs·
931 424 1144 474 nonnosum

297 561 430 613 omnes
445 553 569 610 autem
586 539 636 608 ita
655 553 742 610 sunt
763 537 909 636 positae,
927 555 970 610 nt
989 541 1211 614 ascendenti
1224 544 1305 638 qui·

297 658 384 730 dem
403 636 557 754 spicillo
576 655 742 744 obstent3
755 655 820 728 sed
832 655 1079 730 descendenti
1091 658 1303 756 obsequan-

296 787 368 848 tur.
388 777 474 846 Non
495 790 621 846 tamen
638 773 808 871 negabo,
824 775 932 846 istam
953 773 1069 872 qiram
1088 777 1211 850 modo
1227 778 1304 852 des·

296 893 429 991 cripsi,
451 892 749 964 membranulam
771 894 952 990 quopiam
973 890 1131 966 fortasse
1154 891 1303 968 forami·

295 1012 406 1095 nulo,
424 1025 466 1080 ut
480 1010 633 1082 Littrius
649 1009 702 1105 (1)
713 1011 752 1080 in
768 1035 834 1082 sua
845 1009 954 1099 vidit,
967 1009 1079 1083 inisse
1096 1029 1308 1111 pertusant,

296 1144 361 1200 aut
382 1127 429 1198 ab
452 1127 576 1226 aliqua
593 1128 723 1204 saltem
740 1130 798 1200 sui
813 1127 977 1202 ambitus
999 1146 1107 1228 parte
1126 1132 1309 1228 pauxillu-

294 1245 376 1316 lum
395 1245 494 1316 inter
510 1270 568 1332 se,
593 1261 629 1316 et
650 1247 805 1320 cervicis
826 1227 987 1345 parietes
1010 1248 1209 1320 intervalli
1233 1249 1311 1320 reli·

297 1365 438 1462 quisse3
447 1365 601 1461 quando
610 1365 811 1437 nihilintra
820 1382 970 1438 uterum
983 1367 1135 1438 collecti
1143 1366 1312 1440 humoris

298 1481 554 1580 deprehendi:
570 1485 641 1556 nisi
654 1484 920 1570 existimemus,
932 1509 1002 1556 nec
1013 1486 1217 1582 antiquam
1224 1485 1311 1558 adeo

300 1598 414 1674 sitisse
443 1601 769 1690 membranulam,
802 1618 838 1674 et
866 1602 1069 1674 humorem
1097 1605 1271 1700 potuisse
1298 1627 1313 1674 a

297 1719 568 1793 revehentibus
586 1720 909 1796 vasisabsorheri.

354 1839 408 1908 18.
426 1839 589 1912 Credere
607 1835 732 1910 autem
754 1840 904 1925 malim,
918 1861 1000 1910 rem
1026 1836 1199 1935 aliquam
1223 1841 1314 1936 ejus·

300 1955 513 2045 dommodi,
543 1973 607 2029 aut
634 1958 750 2056 paulo
775 1959 998 2030 interiorem
1017 1954 1246 2030 Nabothum
1266 1958 1314 2055 (a)

300 2091 506 2172 spectasse,
529 2100 617 2148 cum
634 2075 984 2148 extraordinariam
1009 2075 1157 2148 uterini
1185 2079 1318 2174 orr'flcii

190 2225 192 2233 ·
298 2197 439 2261 interni
460 2197 696 2288 'angustiam
726 2193 897 2290 scripsit,
930 2194 970 2263 in
1001 2192 1224 2264 viventibus
1244 2219 1315 2264 non

300 2315 420 2404 magis
446 2315 692 2397 innotescere,
722 2333 837 2408 quam
866 2309 1079 2382 solitariam
1117 2312 1315 2384 otalorwn

179 2475 180 2478 =
301 2429 635 2518 conformationem
653 2433 842 2508 vitiosam,
861 2431 995 2526 Neque
1013 2429 1116 2498 enim
1134 2431 1314 2526 ignorare

301 2558 448 2642 poterat
465 2546 522 2614 vir
541 2545 697 2634 doctus,
718 2571 797 2616 non
815 2546 931 2616 semel
950 2544 1085 2616 tradita
1105 2545 1188 2616 haec
1206 2545 1317 2618 fuisse

301 2661 348 2733 ab
371 2664 600 2760 Hippocrate
618 2663 713 2760 ·t3):
748 2669 782 2732 si
797 2687 846 2734 -os
873 2677 1065 2734 uterorum
1099 2663 1317 2734 conclusum

291 2783 433 2872 fuerin
449 2785 499 2873 fit
513 2788 671 2879 spissam
688 2781 795 2854 velat
806 2803 978 2877 grossus.-
993 2797 1030 2852 et
1044 2787 1078 2852 si
1092 2781 1220 2877 digito
1236 2783 1318 2852 cori-

304 2905 451 2996 tigeris,
480 2900 735 2998 deprehendes
756 2899 894 2972 durum
924 2923 972 2971 aa
996 2899 1261 2988 convolutam,
1291 2913 1320 2970 et

303 3021 459 3118 digitum
473 3043 549 3094 non
566 3023 753 3094 adrrrtttr‘t:
770 3039 817 3094 ec
824 3020 1316 3120 quotidieperitoschirur-

305 3139 687 3237 gosdigitoimmisso
706 3139 754 3211 ad
771 3141 871 3210 utari
880 3163 1006 3236 nsque
1034 3139 1213 3210 osculum
1239 3124 1318 3209 exi·

304 3257 545 3346 minandum,
559 3273 684 3328 stante
693 3259 897 3356 pracsertim
910 3257 1088 3343 muliere,
1103 3258 1313 3354 pervenire.

302 3373 1315 3472 Quinidemosculum,aliterlccatamuliere,nempe

304 3495 362 3563 nti
382 3519 468 3566 cnm
489 3477 817 3592 speculum'quod
838 3507 976 3564 vocant
1001 3494 1122 3582 uteri,
1141 3493 1318 3564 immitte·

346 3789 390 3871 (ι)
412 3795 510 3867 Supra
520 3795 561 3850 ad
574 3815 605 3850 n.
622 3794 659 3850 16
671 3793 816 3850 cit.·loco.

243 3948 249 3960 ,
347 3891 390 3970 (a)
412 3895 450 3948 N.
468 3911 523 3964 ao,
543 3894 620 3968 disp.
637 3912 727 3969 supra
741 3895 821 3951 adn.
838 3912 873 3950 12
887 3895 937 3950 cit.

344 3991 388 4072 (3)
409 3995 454 4066 De
466 3993 563 4050 morb.
579 3994 717 4053 muliebr.
732 3996 795 4069 lm,
806 4014 837 4052 n.
848 3994 905 4071 50,
917 3993 990 4056 atde
1000 4001 1063 4051 nst.
1074 3992 1219 4053 muliebr.
1230 3990 1317 4051 n.33-
