2814 4674
128 3547 136 3585 l

227 381 296 456 ‘56‘
381 409 457 458 ,ns
483 405 628 455 sumnus
653 408 696 454 rr
722 405 845 455 causts
871 407 1079 456 nonnosum

243 523 385 594 ximum
400 548 444 594 ex
464 520 641 597 omnibus
658 517 742 608 fuit,
757 521 817 590 vix
834 520 881 592 ad
900 545 1021 620 parvae
1038 519 1128 593 fabae
1142 545 1250 618 mage

146 628 152 653 ¹
242 638 454 722 nitudinem
471 637 722 736 perveniebat.
744 642 787 708 In
803 639 885 736 ipso
900 638 1033 737 pyloro
1052 663 1131 742 nou
1158 652 1249 716 sunt

242 755 341 840 haec,
363 755 503 826 nedum
531 757 780 826 excrescentia
801 756 877 826 ulla
901 754 1123 828 observata:
1150 757 1247 852 quin

242 874 302 942 via
315 873 467 944 inventa
485 887 540 944 est
552 873 636 944 illac
650 897 727 944 non
742 875 793 944 sic
806 888 1018 966 contracta,
1030 888 1071 944 ut
1082 873 1248 960 immitti,

243 992 340 1060 sicut
354 989 550 1084 jussimus,
565 989 723 1088 digitum
742 988 974 1088 prohiberet.
990 990 1060 1062 Sed
1077 1004 1183 1061 eraut
1194 1003 1249 1059 ta-

244 1131 331 1177 men
352 1105 405 1177 ibi
426 1109 519 1178 etin
545 1123 637 1188 toto
653 1108 931 1207 propemodum
961 1124 1069 1179 antro
1096 1107 1246 1206 pylori,

242 1224 409 1322 itemque
424 1226 464 1294 in
481 1226 602 1322 prima
622 1223 710 1296 huic
730 1226 921 1328 proxima,
940 1224 1107 1297 duodeni
1128 1227 1246 1297 intes-

241 1343 312 1413 tini
327 1358 432 1440 parte
450 1342 551 1414 durae
574 1343 669 1416 adeo
692 1360 728 1416 et
756 1367 883 1416 crassae
902 1341 1068 1434 tunicae,¹
1086 1359 1128 1414 ut
1157 1367 1245 1414 cum

188 1462 195 1477 '
243 1459 391 1528 minimi
406 1452 511 1556 digiti
527 1462 671 1558 apicem
691 1462 936 1534 crassitudine
951 1475 1170 1559 aequarent,
1191 1461 1245 1530 ri-

244 1576 329 1674 gida
365 1574 501 1648 duritie
536 1603 614 1649 non
649 1579 809 1650 multum
838 1579 1018 1650 cederent
1054 1578 1244 1675 descripto

244 1711 419 1782 omento,
432 1697 510 1784 cui,
526 1694 610 1767 alba
621 1721 774 1793 quoque
791 1711 1063 1795 compactaque
1077 1694 1246 1766 substan·

243 1811 306 1900 tia,
319 1829 426 1884 erant
438 1813 595 1901 similes,
613 1828 649 1885 et
660 1839 704 1884 ex
720 1813 790 1884 hac
803 1816 882 1912 ipsa
898 1812 1075 1884 nonnihil
1090 1813 1245 1911 quibus-

244 1929 330 2001 dam
349 1932 389 2002 iu
408 1913 501 2002 locis
526 1931 782 2029 prominente,
815 1931 878 2001 illa
909 1929 1105 2002 tubercula
1132 1928 1245 2002 effor-

244 2047 465 2135 mabantur,
483 2046 529 2118 de
548 2047 686 2145 quibus
705 2049 816 2146 paulo
838 2064 923 2121 ante
943 2049 1167 2120 dictumest.
1188 2053 1245 2120 Je-

244 2189 313 2236 cur
327 2165 428 2236 intus
444 2181 622 2263 extraque
639 2166 819 2263 pallidum
833 2181 869 2238 et
885 2166 1158 2263 duriusculum,
1178 2166 1245 2238 sed
1309 2149 1314 2154 ’

243 2283 405 2362 naturali
424 2280 543 2380 figura
562 2299 599 2354 et
614 2283 882 2380 magnitudine.
903 2285 991 2379 Ejus
1011 2284 1176 2354 vesicula
1191 2281 1246 2354 bi-

243 2400 317 2470 lem
335 2385 579 2497 nigrescentis
591 2425 751 2472 amurcae
769 2401 926 2472 similem
942 2399 1172 2486 continebat..
1184 2403 1244 2472 Sa-

244 2542 318 2589 nus
334 2518 428 2605 lien,
452 2542 539 2589 sana
558 2518 703 2615 reliqua
718 2520 881 2606 viscera,
896 2519 1060 2590 thoracis
1078 2544 1246 2616 quoque,

242 2633 310 2705 ubi
322 2634 574 2732 pericardium
588 2651 624 2706 et
643 2659 709 2706 cor
723 2636 955 2734 pinguedine
983 2651 1114 2733 operta
1134 2660 1245 2708 cons-

242 2768 350 2850 pecta
371 2768 467 2824 sunt.
489 2751 615 2824 Unum
642 2755 824 2824 tamenin
840 2768 972 2826 ventre
991 2770 1046 2825 est
1065 2777 1246 2852 panereas

243 2868 528 2967 excipiendum:
549 2870 654 2967 quod
674 2895 748 2967 qua
765 2873 910 2942 ratione
929 2896 966 2944 se
976 2871 1134 2942 haberet
1156 2896 1243 2942 cum

243 2987 435 3082 inquirere
448 2986 650 3074 vellemus,
666 2987 795 3074 sociis,
813 2989 901 3084 quia
913 3012 989 3058 nox
998 2988 1074 3084 jam
1095 2986 1245 3085 longius

244 3102 492 3203 procedebat,
515 3118 552 3174 et
566 3104 693 3176 odoris
706 3101 865 3176 fetiditas
878 3106 1000 3203 gravis
1015 3121 1113 3193 erat,
1134 3120 1170 3176 et
1181 3105 1244 3176 fir-

243 3222 415 3292 missimae
442 3219 512 3292 illae
532 3222 675 3291 omenti
701 3223 956 3293 connexiones
977 3223 1152 3294 citissime
1179 3223 1245 3294 uti·

243 3363 316 3435 que
334 3337 381 3408 ad
401 3338 646 3436 retegendum
671 3362 852 3435 pancreas
873 3339 1024 3412 dissolvi
1041 3365 1119 3411 non
1137 3356 1245 3438 pote-

210 3525 213 3538 ,
242 3469 343 3544 rant,
360 3457 480 3527 visum
500 3470 554 3526 est
572 3457 658 3526 satis
673 3479 752 3526 esse
765 3459 972 3552 quaesitum.

291 3599 347 3670 ²7·
376 3579 422 3644 Et
441 3571 530 3644 sane
550 3573 580 3644 si
598 3577 799 3671 praegress'a
819 3573 1045 3663 attenderes,
1065 3589 1102 3646 et
1121 3589 1244 3646 tumo-

239 3715 320 3762 rem
338 3691 564 3789 praesertim,
586 3690 694 3786 cujus
720 3690 915 3763 denatura
938 3707 974 3763 et
991 3691 1093 3779 sede,
1114 3693 1243 3790 praeci-

239 3834 313 3908 pua
323 3807 414 3879 dum
425 3807 576 3878 antistes
586 3808 738 3898 viveret,
752 3812 898 3908 questio
909 3808 1039 3898 fuerat,
1050 3813 1135 3882 satis
1147 3836 1244 3907 quae·

240 3927 350 3998 situm
371 3922 579 4006 videbatur.
601 3928 722 4022 Atque
740 3952 809 4025 ego
829 3919 982 4024 quidem
1010 3909 1141 3999 cum'a
1168 3951 1245 4000 sec-
