2790 4668
327 441 397 526 blm
467 453 512 508 nt
539 459 684 508 sumnus
709 463 753 508 sc
778 461 903 510 crusis
929 457 1138 510 nonnosum

375 573 432 662 43.
451 579 591 646 Verum
605 591 646 653 ut
670 576 725 646 hee
746 577 875 648 litterae
890 575 1172 675 superioribus,
1192 600 1299 673 quem*
1361 575 1362 630 i

324 690 531 764 admodum
555 693 732 790 promisi,
754 693 947 766 breviores
963 694 1061 780 sint;
1096 692 1168 766 alia
1187 691 1299 770 doben

325 809 420 899 niis,
438 825 474 882 ct
494 809 673 882 testiculis
693 809 771 882 huc
789 810 929 884 addere
948 811 1194 909 supersede0‚
1212 833 1252 884 ne
1266 811 1299 882 de

324 929 463 1000 horum
492 927 643 1025 quidem
680 927 812 1004 dolore
847 928 1055 1030 quidquam
1092 928 1299 1024 adjecturus,

324 1047 396 1118 nisi
412 1061 452 1118 ut
469 1045 748 1122 observationes
767 1049 887 1146 legas,
911 1074 1005 1147 quas
1024 1045 1209 1146 supra(1)
1227 1043 1300 1116 indi

326 1166 424 1252 cavi,
451 1165 496 1236 cl.
523 1167 690 1238 virorum
718 1168 814 1238 etin
844 1167 982 1264 quibus
1014 1166 1187 1242 dolorem
1215 1162 1301 1234 fuisse

325 1284 512 1371 invenies,
534 1284 573 1354 in
591 1283 764 1384 pluribus
779 1299 903 1360 autem
923 1286 1117 1373 invenies,
1136 1277 1302 1382 quomodo
1362 1302 1363 1380 i

326 1425 363 1474 se
378 1401 551 1474 babuerit
571 1405 693 1490 testis,
713 1403 891 1478 attendas.
911 1404 1030 1478 Simul
1047 1429 1092 1478 ex
1109 1426 1187 1474 uua
1201 1419 1302 1474 carun

326 1544 406 1616 quae
429 1522 584 1592 Heisteri
608 1537 662 1592 est
688 1521 763 1618 (α),
785 1519 891 1596 facile
923 1545 1150 1620 cognosces,
1172 1538 1241 1615 qut
1260 1537 1303 1584 rr·
1362 1501 1363 1558 ἶ

322 1625 425 1710 tione
443 1664 520 1710 uon
539 1639 653 1710 modo
671 1641 708 1710 in
722 1641 919 1736 aegroiHO,
935 1639 1000 1712 sed
1019 1639 1059 1708 in
1078 1638 1198 1710 altero
1218 1634 1302 1706 etiam
1362 1673 1363 1688 2

325 1779 436 1852 quem
467 1755 645 1828 describit
671 1758 909 1855 Sproegclius
926 1757 985 1852 (3)
1010 1755 1164 1828 dolores
1187 1746 1303 1826 atesti-

324 1873 411 1946 culo
426 1873 472 1944 ad
493 1874 644 1946 lumbos
659 1891 811 1972 possent
836 1875 1048 1972 propagari.
1072 1877 1153 1944 Nec
1178 1869 1242 1941 alia
1261 1862 1304 1936 ad·

321 1991 433 2086 jicio,
468 1994 638 2087 quamvis
681 1992 728 2086 de
767 1992 1033 2064 testiculorum·
1069 1981 1302 2062 dolorescctio

324 2109 495 2205 proxima
512 2109 747 2205 Sepulcbrcti
771 2110 950 2208 iuscripta
971 2109 1028 2182 sit.
1054 2099 1303 2180 Totaeniuvix

326 2223 418 2312 duas
429 2227 538 2296 simul
555 2253 639 2298 eum
654 2229 806 2302 scholiis
816 2229 968 2326 paginas
980 2225 1130 2322 implet,
1145 2227 1182 2296 in
1193 2232 1301 2315 coque·

257 2431 259 2435 Ι
325 2356 368 2414 ut
387 2343 556 2414 omittam
574 2344 873 2417 observationem
889 2349 950 2432 IV,
969 2341 1128 2418 fortasse
1144 2343 1212 2412 cxl
1229 2357 1303 2410 com·

326 2449 467 2559 peudio
482 2477 623 2551 ortam3
642 2480 744 2536 certe
761 2467 806 2551 V,
827 2477 869 2534 ut
888 2465 1052 2537 bonetus
1072 2462 1154 2557 ipse
1174 2456 1302 2534 fatetur,
1363 2519 1364 2558 ,

326 2603 371 2652 ex
389 2580 414 2672 §
432 2606 472 2666 α,
492 2582 647 2678 repetita
666 2597 720 2654 est
738 2581 841 2652 XXII
860 2577 1137 2652 observationis
1157 2567 1303 2647 sectionis
1363 2559 1364 2578 ¹

325 2697 547 2796 superioris,
571 2697 804 2770 scholiorum
834 2712 981 2782 autem,
1006 2693 1112 2792 quod
1145 2715 1219 2764 nou
1238 2684 1303 2756 sais

324 2830 407 2901 tur,
429 2814 477 2886 ad
500 2815 580 2886 obs.
600 2815 699 2886 illem
719 2819 734 2886 Ι
754 2815 996 2915 pars'aliqua,
1025 2812 1136 2884 etiam
1163 2807 1224 2881 ubi
1245 2826 1302 2876 sau·

326 2934 450 3030 guinis
474 2933 708 3008 circulationi
732 2933 965 3031 apertissime
992 2929 1228 3012 adversatur,
1245 2922 1301 3017 jem

324 3049 500 3147 adoptata
514 3049 562 3120 ab
578 3052 659 3147 ipso
677 3049 815 3136 suerat,
833 3065 870 3121 ct
886 3050 1056 3147 apposita
1076 3045 1122 3118 ad
1139 3047 1163 3137 S
1184 3042 1224 3129 3,
1240 3036 1299 3108 obt

323 3171 408 3238 XXI
422 3166 589 3262 ejusdem
608 3169 813 3265 superioris
828 3167 1020 3253 sectionis,
1041 3179 1083 3238 ut
1102 3160 1230 3236 scholii
1242 3174 1301 3252 par·

325 3299 400 3356 tem
423 3283 677 3357 observationi
695 3289 729 3355 ΙΙ
747 3284 809 3356 hic
827 3283 998 3381 subjicit,
1022 3303 1134 3380 quarn
1156 3279 1225 3352 illic
1237 3267 1300 3346 sulr

322 3403 462 3498 jecerat
480 3403 734 3477 observationi
754 3405 831 3474 XX.
863 3401 935 3473 Sed
964 3399 1039 3473 illic
1071 3420 1221 3496 quoque
1241 3407 1299 3464 110ss

327 3534 401 3590 tam
436 3520 574 3593 mirum
598 3537 670 3608 est,
705 3521 966 3594 observatione
1004 3520 1125 3591 XXIII
1156 3517 1298 3586 iteratum

336 3673 1299 3724 ww

363 3821 411 3898 (ι)
432 3824 469 3876 u.
493 3821 540 3877 ss.
635 3737 640 3746 ·

367 3919 411 4000 (n)
433 3919 556 3976 Dissert.
574 3919 647 3975 ibid.
665 3921 714 3975 cit.
731 3925 746 3990 S
765 3921 810 3977 30.

365 4020 410 4098 (3)
431 4018 504 4078 obs.
519 4017 592 4076 ibid.
608 4019 657 4076 cit.
675 4018 751 4090 351.
