2726 4676
133 425 284 481 masur.
314 433 359 478 uu
384 431 521 479 uoaars
539 429 710 492 verrius,
736 431 847 478 sr1sr.
874 435 960 482 xtu.
990 410 1058 509 257

69 544 242 616 ecalculo
263 544 362 615 ultro
379 541 518 614 defluit.
545 546 635 632 Quae
660 556 702 612 ut
723 566 801 611 non
817 542 920 614 licuit
941 548 980 616 in
1001 573 1061 619 re-

71 664 159 733 centi
176 661 493 747 animadvertere,
515 661 566 730 sic
586 675 756 756 tempore
776 659 973 755 interjecto
991 665 1062 737 ob-

71 781 135 866 via,
156 803 262 850 nunc
286 776 391 850 volui
409 777 456 848 ad
478 766 769 874 descriptionem
788 777 888 847 illam
913 779 1060 854 addere.
1153 835 1157 847 .

71 900 125 968 Est
142 895 259 994 igitur
278 894 341 966 hic
359 893 521 965 calculus
544 895 589 964 iis
616 892 818 964 corticibus
838 897 1064 990 instruetuS,

73 1013 131 1108 qui
151 1013 181 1084 si
200 1013 265 1084 alii
278 1012 449 1083 duriores
466 1009 611 1108 lapides
628 1012 739 1082 simul
763 1013 802 1082 iu
826 1015 947 1086 vesica
975 1013 1065 1090 fuis·

71 1145 163 1217 sent,
193 1129 335 1201 horum
361 1152 522 1200 occursu
545 1153 624 1198 nou
647 1125 834 1201 difficilius
854 1136 1066 1228 potuissent

72 1245 258 1345 abrumpi,
271 1262 309 1318 et
321 1247 361 1316 iu
376 1243 583 1343 fragmenta
598 1244 833 1336 dissiliend0,
847 1273 920 1344 qua
931 1249 1065 1324 lotium

73 1363 204 1453 exibat,
224 1388 313 1434 cum
327 1362 402 1434 hoc
414 1361 586 1460 prodire,
608 1388 720 1460 quam
739 1365 778 1433 in
797 1388 884 1436 sene
904 1367 989 1456 illo,
1018 1368 1065 1442 de

73 1505 140 1578 quo
163 1507 210 1552 ex.
238 1481 362 1579 Tulpii
393 1480 653 1552 observatione
678 1481 717 1550 in
739 1482 983 1579 Sepulchreto
1007 1485 1065 1583 (1)

73 1599 221 1672 relatum
256 1613 321 1672 est.
349 1603 428 1670 Nec
454 1597 574 1669 multo
602 1596 765 1670 durioris
790 1615 930 1670 naturae
954 1600 1066 1677 fuisse

75 1715 250 1788 calculum
272 1714 520 1803 existimabis,
538 1739 652 1811 quem
665 1715 704 1784 in
715 1717 852 1810 juvene
870 1721 1064 1816 experien-

74 1832 229 1904 tissimus
247 1833 305 1902 vir
316 1831 570 1929 Heisteruspl
587 1857 674 1902 cum
695 1847 803 1903 antea
817 1857 885 1929 per
905 1835 1067 1908 cathete-

74 1973 145 2018 rem
171 1952 424 2047 percepisset,
445 1973 533 2020 mox
548 1948 643 2020 datis
661 1951 810 2048 paucis,
828 1975 910 2047 quae
929 1951 1069 2024 adscri-

75 2064 141 2156 bit,
159 2067 457 2165 vulgaribusque
482 2066 658 2138 remediis
678 2092 843 2164 quorum
870 2092 941 2166 ope
959 2070 1067 2141 ealci-

76 2181 195 2257 formis
215 2186 371 2257 materia
388 2185 550 2282 plurima
571 2185 703 2256 emicta
716 2200 790 2272 est,
806 2187 904 2256 intra
920 2186 1067 2259 hebdo-

73 2303 191 2375 madas
223 2319 299 2374 tres
330 2300 573 2374 incommoda
598 2303 746 2374 sustulit
771 2305 897 2391 omnia
928 2330 949 2375 a
975 2332 1068 2404 qua-

74 2421 214 2492 rieunio
238 2420 419 2510 molesta,
445 2419 549 2517 quod
571 2443 672 2491 anno
695 2435 779 2516 post
798 2418 943 2492 felicem
964 2424 1067 2494 illam

74 2543 300 2610 curationem
319 2539 395 2634 jam
416 2538 547 2625 tertio,
576 2538 709 2608 litteris
726 2538 925 2608 mandavit.
944 2544 1067 2637 Atque

74 2657 209 2727 utinam
224 2654 410 2751 ejusmodi
422 2669 545 2727 essent
560 2654 693 2725 calculi
711 2679 843 2726 omues
861 2659 927 2752 qui
939 2659 1066 2728 vesicae

74 2770 323 2870 innasountur.
348 2776 488 2842 Verum
513 2797 558 2842 ex
578 2770 823 2868 Sepulchreto
844 2775 926 2869 ipso
942 2773 1067 2862 videS,

76 2905 161 2984 quot
175 2891 289 2962 silicis
308 2888 446 2960 duritie
458 2887 569 2960 fuisse
588 2889 784 2977 dicantur3
803 2890 879 2958 imo
896 2915 941 2960 ex
959 2893 1069 2961 Heer-

77 3007 124 3076 sio
142 3007 284 3080 ibidem
298 3007 352 3104 (3)
371 3004 531 3105 proferri
546 3004 726 3104 grandem
745 3006 946 3102 quemdam
969 3015 1072 3078 omni

74 3123 165 3196 silice
184 3125 396 3212 duriorem,
427 3149 472 3194 ex
491 3114 688 3202 Brasarolo
701 3123 758 3220 (li)
771 3139 895 3195 autem
916 3125 1068 3214 decem,

75 3241 111 3308 iu
123 3243 277 3314 Alberto
291 3241 515 3312 savonarola
529 3243 721 3330 inventos,
744 3244 809 3338 qui
828 3247 861 3312 si
877 3247 914 3311 in
929 3252 1070 3314 'terram

70 3362 354 3455 projicerentur,
381 3356 501 3430 veluti
521 3358 716 3455 trigonalis
728 3359 818 3457 pila
838 3360 1069 3448 resiliebant,
1098 3393 1100 3396 ·

111 3679 138 3756 (1
174 3685 251 3739 Sect.
267 3699 353 3754 prox.
366 3689 420 3750 24,
438 3681 503 3737 obs.
520 3701 564 3736 10.

118 3777 127 3856 (
176 3781 301 3860 Dissert.
316 3780 352 3836 de
364 3780 480 3836 medico
494 3780 582 3837 nimis
595 3779 659 3835 tim.
677 3799 707 3836 n.
722 3779 770 3836 36.

117 3875 127 3924 l

178 3881 256 3936 Sect.
276 3879 328 3949 23,
343 3880 408 3936 obs.
422 3900 454 3951 7,
473 3878 529 3951 55.
599 3917 601 3922 ·

142 3975 151 4054 )
171 3979 250 4036 Ibid.
270 3979 335 4036 obs.
351 3998 388 4054 a,
405 3983 420 4050 ς
435 3987 463 4046 Α.

154 4073 185 4146 5.
