2726 4676
144 440 215 490 m.
243 439 298 490 111.
327 441 376 490 D!
402 439 721 508 MORBISVENTRIS‚
746 443 856 492 urtsr.
878 445 965 492 XLII.
1004 448 1076 520 229

65 567 202 645 erant,
219 556 347 628 vesicae
365 555 498 651 signis3
516 570 559 626 ut
586 533 724 627 horum
744 558 889 653 primus
914 581 992 628 non
1018 583 1078 630 se·

67 695 137 745 cus
162 697 208 746 ac
232 673 456 744 Faventinus
471 687 598 745 noster
619 671 789 745 crederet
805 673 877 745 sibi
893 661 1077 746 calculum

69 786 187 863 fuisse
204 811 412 886 nunquam.
434 789 536 862 Alios
553 777 754 888 pratereO,
776 792 862 887 qui,
886 792 989 862 nulla
1006 816 1079 861 un-

71 929 191 1004 quam
207 905 254 978 de
269 906 345 978 hoc
360 905 496 978 morbo
513 905 666 1003 querela
686 906 833 991 emissa,
848 932 933 978 cum
950 907 1080 979 decre·

72 1023 142 1120 piti
158 1022 365 1110 obiissent,
382 1037 446 1094 aut
464 1043 621 1120 magnos
634 1038 698 1094 aut
712 1023 839 1120 plures
859 1025 1023 1096 calculos
1040 1025 1081 1094 in

72 1139 219 1225 vesica,
238 1138 463 1211 mirantibus
476 1138 668 1228 omnibus,
685 1138 899 1212 habuerunt
912 1169 918 1210 :
932 1142 978 1213 ad
992 1166 1071 1239 quo

73 1280 157 1327 rum
180 1255 357 1328 historias
384 1271 474 1344 tres,
501 1257 640 1354 pariter
669 1257 710 1328 in
742 1257 1083 1356 Sepulchreto(1')

71 1371 303 1471 descriptae,
316 1372 453 1446 addere
468 1374 556 1445 alias
569 1397 737 1471 possem,
755 1389 791 1446 et
801 1376 1023 1446 nominatim
1036 1403 1081 1449 ex

75 1489 245 1588 Alghisio
263 1489 357 1562 duas
367 1491 442 1588 (a),
460 1515 620 1588 quarum
634 1491 770 1577 altera,
789 1491 839 1562 ob
849 1489 1082 1589 perforatum

76 1607 114 1676 in
131 1607 263 1679 medio
274 1607 457 1706 lapidem,
479 1607 608 1680 similis
622 1623 676 1680 est
692 1607 840 1678 illarum
850 1611 985 1694 tertiae,
1000 1635 1084 1707 quae

77 1725 251 1794 Loesium
272 1733 462 1795 auctorem
483 1722 607 1796 habet.
636 1729 682 1796 Et
702 1723 795 1795 mihi
812 1749 912 1794 anno
937 1722 1026 1821 1752
1043 1727 1083 1796 in

81 1841 277 1936 gymnasio
291 1856 492 1914 anatomen
513 1839 715 1929 docenti,a
734 1856 900 1938 spectato
911 1840 1084 1939 pharma-

80 1957 235 2054 copola,
263 1959 370 2054 cujus
398 1945 553 2030 taberna
581 1959 774 2056 gymnasio
799 1958 944 2047 subest,
961 1957 1085 2056 perfo-

82 2089 181 2146 ratus
195 2074 306 2172 lapiS,
324 2099 448 2162 coram
460 2074 651 2173 pluribuS,
668 2075 816 2147 oblatus
833 2090 907 2165 est,
926 2077 1005 2171 ejus
1019 2077 1088 2173 qui

83 2189 124 2262 ah
139 2191 313 2288 Alghisio
330 2193 498 2289 pingitur
506 2191 580 2290 (3),
599 2193 753 2280 similis,
770 2193 843 2263 nisi
866 2193 970 2289 quod
989 2191 1087 2264 fora·

83 2307 185 2379 mine
202 2323 283 2402 erat
301 2308 415 2406 paulo
429 2309 644 2406 angustiori.
665 2309 819 2396 Exiisse,
836 2309 1005 2396 dicebat,
1024 2334 1086 2380 su-

83 2423 296 2518 perioribus
311 2423 444 2496 diebus
459 2425 563 2495 nulla
582 2425 741 2522 aliaope
761 2449 875 2521 quarn
894 2441 1033 2495 naturae
1051 2440 1089 2495 et

84 2565 215 2613 manus
228 2539 374 2614 feminae
384 2543 501 2640 ipsius
513 2541 554 2611 in
570 2543 676 2637 cujus
693 2542 819 2614 vesica·
831 2557 1084 2614 concreverat.

86 2660 325 2732 Concrevisse
339 2673 464 2730 autem
482 2660 648 2755 conjeci,
665 2673 702 2730 et
718 2659 844 2747 illum,
860 2674 896 2731 et
912 2659 1009 2756 siqui
1026 2659 1090 2728 alii

87 2792 188 2864 sunt,
210 2791 344 2874 praeter
366 2775 645 2874 Alghisianum,
659 2776 788 2846 annuli
809 2772 950 2862 forma,
968 2776 1006 2843 in
1025 2799 1089 2842 ve-

88 2893 164 2965 sica
187 2893 318 2966 infima
336 2907 440 2991 parte
465 2893 532 2964 ubi
556 2895 696 2964 circum
716 2891 879 2964 urethrae
903 2888 1117 2962 orificium*
1147 2923 1151 2930 ·

90 3012 138 3082 sic
163 3011 370 3108 aliquando
392 3000 537 3083 sunima
569 3025 752 3108 pmstata,
773 3010 894 3081 autin
917 3008 1096 3104 sequiore
1126 3049 1127 3052 =

91 3149 177 3198 sexu
195 3127 439 3224 glandosum,
459 3127 563 3224 quod
578 3142 734 3215 vocant,
754 3149 892 3225 corpus
914 3128 1011 3196 intra
1026 3140 1101 3195 re-'

92 3244 202 3315 sicatn
218 3244 390 3342 undique
410 3245 622 3342 prominet,
642 3259 684 3315 ut
709 3245 872 3342 proximi
893 3242 1005 3336 hujus
1028 3265 1093 3339 pa·
1166 3279 1171 3292 ·

93 3361 200 3432 rietes
216 3363 459 3434 circumcirca
486 3360 689 3434 subsidant.
709 3363 798 3450 Quae
818 3359 1096 3459 prominentia,

94 3492 127 3547 et
143 3478 248 3576 quod
261 3481 527 3576 consequitur,
546 3477 794 3564 subsidentia,
814 3479 882 3551 etsi
898 3479 937 3547 in
956 3500 1095 3574 corpo-

122 3779 174 3860 (η)
195 3766 272 3838 Ibid.
288 3785 303 3850 S
320 3781 336 3838 5
349 3793 378 3838 et
392 3804 420 3854 7,
436 3795 466 3842 et
479 3797 547 3842 sect.
563 3792 616 3857 ²4,
629 3785 691 3840 obs.
706 3801 733 3858 9.

133 3878 175 3960 (a)
195 3882 357 3938 Lithotom.
377 3903 402 3940 c.
418 3890 444 3949 4.

134 3977 177 4060 (3)
197 3981 270 4039 Tab.
291 3982 325 4055 d,
341 3979 391 4060 fig.
406 4001 435 4058 9.
