2746 4674
326 396 392 476 162
487 427 533 476 llll
560 426 706 474 sentens
729 425 774 473 BT
799 425 923 473 ctusts
947 425 1157 474 MORBORUM
1236 451 1237 454 ¹

319 537 1320 635 artuum,credoquodaegerplerumquecubaret,om·

317 660 410 730 nino
427 670 643 740 evanuerat,
669 655 838 726 ciborum
858 657 1047 752 appetitus
1062 655 1228 754 vigebat,
1246 672 1319 726 sto-

316 773 474 846 machus
492 788 591 846 recte
609 771 712 868 fungi
726 771 925 842 videbatur
946 769 1070 842 officio
1099 796 1179 844 suo.
1208 777 1253 842 At
1270 773 1318 839 vi·

315 890 409 988 giliae
429 905 543 960 noctu
560 887 763 960 vexabant:
784 888 916 985 pulsus
932 892 1047 986 magis
1064 889 1218 986 quidem
1238 911 1315 960 ves·

316 1007 467 1105 pertino
481 1021 671 1106 tempore,
689 1005 887 1078 sedtamen
900 1021 936 1077 et
950 1007 1135 1080 matutino
1146 1004 1319 1102 frequen·

314 1137 390 1206 tes,
423 1124 555 1220 majori
578 1146 690 1220 quam
713 1137 820 1193 autea
845 1122 1124 1220 magnitudine,
1149 1147 1221 1193 nec
1237 1123 1315 1194 vsine

314 1239 442 1336 aliquo
460 1241 604 1336 impetu
620 1265 627 1308 :
645 1239 742 1325 sitis,
760 1239 887 1336 lingua
899 1237 1123 1326 aridissima,
1141 1239 1314 1310 etcolore

314 1381 357 1426 ex
377 1356 494 1428 rubro
514 1357 719 1453 nigricante
736 1353 895 1426 inlecta:
922 1356 1017 1428 cutis
1045 1355 1210 1428 necdum
1238 1357 1312 1427 sine

247 1563 250 1572 Ι
307 1471 512 1558 flavediue,
537 1473 706 1569 quamvis
733 1473 805 1544 alvi
830 1493 1061 1546 recrementa
1081 1497 1150 1544 nec
1168 1487 1312 1558 essent,

206 1633 208 1638 ·
311 1615 381 1670 nec
396 1608 504 1662 autea
515 1586 671 1668 luissent
685 1587 807 1660 albida
821 1615 829 1658 :
843 1590 961 1660 uriuae
977 1604 1104 1662 saturo
1122 1590 1312 1662 etiamtum

310 1710 453 1796 colore,
466 1707 530 1778 sed
546 1721 700 1776 tenues:
714 1705 894 1800 jecinoris
905 1721 1049 1793 tumor,
1063 1707 1101 1776 in
1117 1732 1195 1804 quo
1207 1705 1313 1778 dolor

309 1805 430 1898 fuerat
449 1823 653 1919 aliqnando
683 1847 728 1892 ex
749 1847 825 1918 qno
841 1849 989 1920 aegrum
1019 1848 1097 1894 non
1113 1823 1310 1910 uideram,

308 1941 415 2016 facile
432 1959 556 2014 tamen
573 1940 738 2026 sedatus,
759 1965 804 2010 eo
821 1955 990 2038 tempore
1008 1941 1241 2014 contrectari
1252 1966 1310 2040 po

306 2074 404 2132 terat
420 2059 498 2128 siue
509 2056 662 2144 dolore,
677 2057 748 2128 uisi
759 2054 854 2128 forte
869 2056 953 2144 diu,
963 2072 999 2128 et
1013 2057 1214 2156 subrepere
1230 2059 1310 2156 quis

308 2189 577 2260 contrectaret3
604 2189 693 2244 tunc
712 2178 812 2244 enim
832 2174 966 2272 aliquis
993 2175 1185 2246 oriebatur
1204 2175 1311 2248 dolor

307 2293 355 2364 ad
369 2294 486 2362 imum
497 2292 673 2386 jecinoris
685 2289 856 2366 limbum.
873 2295 916 2360 Iu
931 2290 1203 2364 contrectando
1211 2295 1310 2365 visus

308 2425 363 2480 est
380 2409 451 2480 sibi
466 2407 684 2480 Albertiuus
705 2408 991 2505 inaequalitatem
1011 2408 1214 2506 quamdam
1231 2411 1309 2482 aui-

306 2526 642 2610 madvertere,nou
655 2550 762 2598 secus
778 2549 821 2596 ac
843 2527 870 2598 si
887 2528 1040 2598 visceris
1054 2527 1135 2622 ejus
1151 2525 1305 2626 superli—
1363 2541 1364 2580 1

301 2644 381 2716 'cies
402 2640 626 2739 quibusdam
653 2643 760 2738 quasi
784 2644 908 2740 granis
937 2643 1182 2716 crassioribus
1212 2670 1306 2742 aspe-

305 2775 468 2862 rantur,
480 2758 578 2830 unde
591 2760 750 2850 tumoris
761 2773 932 2830 naturam
942 2760 988 2832 ad
1004 2758 1195 2831 skirrbum
1212 2785 1307 2859 spec·

305 2897 384 2950 tare
404 2875 645 2972 conjiciebat,
663 2877 780 2948 acinis
796 2875 967 2948 videlicet
984 2875 1166 2974 hepaticis
1186 2904 1207 2948 a
1227 2903 1306 2950 cou-
1362 2929 1363 2968 ,

306 2973 406 3072 creta
415 2993 685 3078 biledisteutis,
701 2991 750 3066 ob
765 2991 935 3064 dolorem
948 3008 1090 3082 tam-eu,
1108 3019 1156 3066 ne
1174 2994 1305 3068 alicubi

301 3109 374 3181 alia
391 3125 488 3182 esset
504 3109 1042 3195 tumorisnatura,verebatur.
1062 3116 1157 3182 Cum
1175 3137 1302 3210 eaquae

302 3229 343 3312 in
363 3227 481 3323 gravi,
505 3241 540 3296 et
563 3227 921 3322 aucipitiejusmodi
940 3253 1026 3306 casu
1053 3230 1303 3301 cautissimum
1361 3311 1362 3316 ἵ

303 3343 489 3417 decebant
508 3342 716 3427 medicum,
734 3341 929 3433 nobiscum
950 3345 1164 3443 probasset,
1187 3351 1302 3436 Bono·

300 3463 480 3557 uiamque
498 3459 686 3546 rediisset,
705 3485 774 3558 ego
790 3485 878 3532 vero
891 3467 1034 3534 Lucum
1048 3463 1095 3536 ad
1109 3461 1301 3561 Cicoguini

301 3578 418 3678 patris
434 3579 665 3648 curationem
680 3575 870 3674 profectus
887 3602 1003 3652 essem
1016 3605 1026 3665 ;
1040 3577 1087 3650 de
1098 3580 1300 3677 improviso

300 3693 454 3785 accidit,
473 3711 514 3764 ut
533 3719 629 3790 aeger
648 3696 713 3790 qui
730 3719 878 3792 percos
896 3695 975 3768 dies
993 3721 1072 3773 nou
1089 3697 1203 3768 modo
1225 3721 1297 3766 non
1360 3695 1361 3760 l

300 3814 427 3912 pejus,
447 3810 510 3882 sed
532 3824 664 3906 quarto
685 3837 824 3909 exvquo
847 3813 1001 3887 consilia
1017 3814 1108 3886 inita
1134 3812 1297 3896 fuerant,

301 3929 363 4004 die
389 3928 449 4000 vel
472 3927 605 3998 melius
626 3951 712 4000 cum
731 3930 892 4017 caeteris,
920 3944 998 4000 tum
1024 3930 1094 4002 ¹sibi
1113 3933 1152 4002 in
1176 3933 1300 4030 primis
