2726 4676
239 289 250 318 S

153 475 224 522 nm.
252 471 307 522 ιιι.
335 473 382 520 nn
405 443 731 534 monstenem,
757 471 867 518 neten.
894 470 981 518 χιιι.
1011 447 1081 530 255

73 590 242 668 choatus
262 586 446 673 calculus,
473 586 549 658 sive
568 584 701 655 calculi
719 585 908 656 materiae
927 585 1082 662 renibus

73 711 116 784 iu
131 707 296 780 vesicam
309 702 534 788 descendat,
550 717 613 772 aut
628 703 667 771 in
682 699 752 771 hac
767 703 962 798 gignatur,
982 719 1084 776 certe

73 824 250 900 calculus
273 824 548 892 incrementum
568 820 666 916 capit
692 843 738 890 ex
763 819 892 890 eedem
909 821 1082 892 materia:

56 967 151 1014 nec
163 941 289 1014 aliena
309 961 329 1010 a
348 963 438 1009 vero
459 938 606 1008 tmdere
623 936 801 1008 videntur
819 938 845 1006 ii
862 935 1083 1033 quifirmius

74 1061 180 1132 inter
213 1081 252 1130 se
282 1069 449 1154 aptatum
478 1055 524 1124 ini
553 1054 713 1126 materiae
742 1053 842 1124 illius
868 1035 1088 1152 particulas,⁴

75 1177 208 1261 aiunt,
229 1197 307 1270 quo
324 1172 460 1248 lentius
484 1173 758 1244 incrementum
782 1168 870 1257 fiet3
896 1169 1085 1246 infirmius

75 1306 209 1368 autem
228 1315 305 1386 quo
323 1289 482 1368 celerius
500 1313 507 1357 ε
530 1287 652 1384 etqui
672 1287 791 1382 majus
810 1286 903 1358 iltud
921 1284 1000 1358 fore
1015 1312 1084 1360 aes-

74 1421 154 1484 tate
175 1431 292 1504 quam
314 1406 469 1503 hyeme,
485 1403 628 1502 quippe
655 1417 776 1474 estate
806 1404 924 1474 multo
958 1406 1083 1479 minus

73 1524 201 1604 diluta
220 1524 375 1596 materia
394 1522 441 1594 ab
463 1545 602 1619 aquea,
626 1536 717 1592 tune
741 1543 875 1617 magna
905 1547 949 1592 ex
976 1537 1083 1620 parte

79 1667 151 1740 per
172 1657 296 1714 eutem
314 1641 545 1740 prodeunte,
567 1641 683 1715 utinae
702 1638 898 1736 portione:
920 1664 1002 1735 quae
1029 1641 1084 1712 al-

75 1774 161 1836 tera
180 1759 274 1832 mihi
288 1757 437 1829 videtur
454 1781 579 1845 causa,
598 1781 683 1842 our,
701 1757 731 1827 si
743 1759 847 1852 optio
859 1756 990 1842 detur,
1010 1760 1084 1830 cal·-

78 1876 157 1952 culi
171 1877 311 1952 excisio
320 1875 560 1947 abnutumno
571 1875 694 1971 potios
707 1873 753 1947 ad
765 1897 830 1944 ver
840 1898 1084 1970 quamavere
1143 1907 1145 1910 ·

77 1994 125 2068 ed
148 2007 375 2064 autumnum
385 1989 590 2062 differetur.
609 1991 680 2062 Sed
700 2005 833 2088 praeter
846 1989 1089 2066 inchoamen·

78 2127 162 2186 tum
178 2109 315 2184 ealenli
327 2094 404 2181 eive
417 2112 457 2180 in
471 2109 643 2196 ienibnS‚
662 2111 736 2180 sive
754 2111 792 2178 in
809 2110 930 2181 vesica
949 2108 1084 2184 forma·

78 2243 183 2315 tum,
205 2229 382 2302 accrescit
399 2225 529 2298 eadem
547 2225 720 2310 materia,
734 2226 886 2304 ‚circum
906 2251 965 2298 res
988 2253 1084 2326 quo·

79 2369 157 2442 qne
178 2345 286 2431 alias,
306 2347 534 2416 extrinsems
549 2344 589 2414 in
605 2342 763 2414 vesicam
793 2343 984 2416 immissas.
1016 2351 1085 2418 Cu·

76 2461 250 2558 jusmodi
268 2461 437 2558 exempla
465 2485 551 2531 cum
580 2484 600 2529 a
628 2458 799 2556 piuribus
827 2475 863 2530 et
887 2464 1023 2561 scripta
1049 2479 1086 2537 et

79 2580 243 2658 collecta
266 2580 341 2650 sint
359 2579 491 2676 plur23
516 2601 585 2676 ego
615 2578 658 2648 iis
686 2577 921 2673 potissimum
948 2581 1085 2654 deseri·

80 2695 218 2774 bendie
238 2721 321 2793 quae
340 2698 419 2792 ipse
447 2709 511 2766 aut
534 2695 643 2764 amici
666 2692 845 2781 vidimus,
864 2719 935 2766 nec
957 2712 1085 2772 tamen

81 2813 283 2900 omnibus,
302 2812 545 2883 immorabor.
807 2821 821 2832 “

136 2956 191 3026 19·
212 2933 307 3004 Nom
324 2929 417 3000 iliud
437 2926 540 3025 quod
558 2925 650 2996 mihi
669 2949 707 2996 se
735 2927 899 3022 primum
926 2927 1084 3022 obtulit{

80 3048 158 3143 jam
176 3061 262 3120 ante
278 3045 348 3117 hos
364 3064 438 3116 tres
455 3061 492 3116 et
509 3042 756 3142 quadraginta
774 3067 892 3114 annos
905 3047 943 3114 in
961 3047 1085 3145 Ephe.

85 3162 294 3238 meridibus
305 3163 446 3234 editum
457 3175 513 3233 est
524 3167 692 3233 Caesareae
703 3163 746 3232 N.
757 3165 795 3230 C.
807 3162 1036 3265 Academiae(
1062 3171 1086 3255 ).

85 3281 188 3371 Quin
202 3293 333 3378 preter
350 3303 471 3352 meam
488 3278 589 3349 illam
607 3277 808 3373 descriptio
835 3278 949 3350 altera
970 3299 1089 3357 exstat

88 3398 255 3494 ejusdem
289 3399 404 3494 ipsius
434 3420 556 3482 casus,
577 3395 624 3466 ab
644 3419 689 3464 eo
706 3395 769 3490 qui
798 3419 917 3466 meam
948 3401 1088 3474 editam

89 3516 268 3602 nesciret,
285 3515 433 3609 vulgata
451 3512 637 3586 sexdecim
655 3527 740 3609 post
756 3513 863 3583 annis
880 3514 918 3583 in
936 3515 1091 3591 adnoto,

91 3631 388 3728 tione'quedam,
412 3629 590 3730 operibus
616 3629 790 3725 adjuncta
812 3631 877 3706 cel.
908 3634 1092 3710 Vallisne·

976 3853 1096 3873 m

134 4010 176 4090 (1)
198 4015 282 4070 Cent.
297 4012 327 4086 5,
342 4013 405 4070 obs.
422 4013 468 4068 26.
