2790 4668
333 391 405 479 480
498 415 545 460 nn
572 411 720 460 somnos
746 413 789 458 nr
815 411 939 460 causis
965 413 1175 462 norinorum

327 529 509 619 majorem
549 551 680 598 eorum
723 526 965 623 graculorum
1006 530 1155 625 copiam
1191 525 1319 599 offendi

327 669 440 741 quarn
462 645 498 713 in
520 641 653 740 siguin,
679 658 720 714 ut
748 641 918 740 relegens
942 645 1139 741 epistolam
1164 649 1228 716 Vll
1250 645 1318 740 (r),

327 757 433 830 facile
450 782 677 856 cognosces:
707 760 746 828 in
768 783 843 855 quo
870 760 1030 856 antiquae
1054 785 1101 830 ne
1117 761 1171 830 lui
1189 761 1318 831 tribuas

328 874 379 946 ob
399 875 545 946 nullum
566 873 612 945 ad
634 873 808 970 glandem
838 891 1024 972 superstes
1051 875 1200 948 fraenuli
1223 881 1319 950 vesti-

328 993 452 1090 gium,
469 990 713 1078 deliberabis,
736 1015 813 1060 non
834 1015 941 1062 secus
958 1007 1082 1089 atque.
1095 995 1136 1063 in
1167 1017 1255 1065 sene
1282 994 1320 1064 de

329 1135 407 1206 quo
426 1109 582 1206 epistola
595 1110 775 1206 scripturn
792 1125 847 1180 est
863 1113 982 1180 XXIV
998 1110 1069 1206 (a),
1089 1113 1151 1182 cui
1171 1137 1257 1183 cum
1272 1115 1322 1182 vix

259 1203 264 1216 ⁸
329 1251 443 1311 nnus,
457 1227 563 1322 isque
574 1225 713 1312 tenuis,
731 1241 958 1323 superesset,
970 1225 1016 1297 de
1033 1227 1242 1324 majoribus
1254 1253 1324 1299 ure·

247 1417 252 1424 ,
329 1343 421 1414 thr'ae
432 1343 667 1428 canaliculis,
681 1367 721 1412 ea
736 1343 894 1439 granula
906 1365 981 1413 non
992 1343 1149 1416 deerant
1160 1345 1208 1416 ad
1220 1347 1323 1416 latera

332 1461 542 1532 carunculae
558 1461 755 1536 seminalis.
774 1461 899 1530 Placet
915 1459 988 1530 buc
1010 1461 1080 1531 alia
1101 1461 1181 1534 duo
1198 1463 1322 1534 adscri-

331 1577 421 1650 bere
434 1577 603 1675 exempla
616 1579 654 1646 in
671 1578 759 1647 viris
779 1578 844 1674 qui
860 1573 1005 1648 tametsi
1025 1576 1166 1674 quibus
1180 1579 1324 1651 obnoxii

331 1693 488 1766 fuissent
527 1690 819 1780 affectionibus,
857 1693 1015 1776 omnipo
1055 1696 1325 1793 propemodum

331 1814 486 1910 ignore,
505 1835 586 1908 quae
606 1825 731 1879 tamen
748 1811 787 1878 in
805 1811 884 1880 aliis
900 1835 1055 1908 quoque
1066 1815 1245 1910 corporis
1255 1839 1326 1912 par·

330 1929 432 2000 tibus
449 1926 632 1998 haberent
649 1926 695 1996 ab
709 1941 850 2012 naturae
863 1951 997 1998 norma
1007 1928 1242 2017 aberrantia,
1259 1955 1326 2001 non

333 2043 523 2128 reticeb03
552 2045 797 2141 nequeenim
828 2068 983 2141 prorsus
1009 2047 1236 2136 inutile‚·ut
1250 2046 1327 2118 alibi

332 2185 486 2260 ,quoque
505 2160 651 2248 vidisti,
670 2185 827 2248 censen,
844 2177 977 2259 praeter
993 2178 1167 2234 naturam
1186 2166 1328 2236 inventa

297 2305 307 2330 ·
335 2302 631 2350 commemorare
646 2278 773 2350 saltem
789 2293 831 2349 ut
852 2303 934 2376 quaa
947 2281 1097 2378 saepius,
1116 2307 1202 2378 quae
1220 2285 1327 2354 carius

334 2401 372 2466 in
393 2396 503 2467 certis
524 2394 692 2468 aetatibus
713 2411 749 2466 et
771 2395 963 2469 habitibus
987 2421 1215 2495 corporum,
1242 2425 1327 2470 rnor-

270 2607 271 2612 ἵ
333 2513 422 2586 bida
437 2532 656 2601 occurrant,
675 2517 955 2612 comparatione
971 2517 1141 2587 instituta
1162 2520 1327 2616 cognosci

334 2631 453 2704 liceat.

344 2797 349 2804 -
372 2776 442 2822 aa.
461 2749 542 2820 Viri
559 2773 679 2821 annos
703 2751 780 2820 nati
804 2763 968 2846 quatuor
987 2766 1023 2821 et
1041 2753 1326 2852 quinquaginta,

336 2891 449 2966 quem
478 2864 709 2962 apoplectica
731 2863 878 2936 affectio
902 2867 1001 2937 lente
1028 2859 1264 2962 confecerat,
1283 2895 1329 2942 ca·

337 2985 471 3069 darer,
496 2983 728 3079 ann01728,
752 2985 957 3079 ,Gymnasio
981 3000 1037 3056 est
1055 2984 1207 3079 datum,
1242 2987 1329 3059 unde

335 3100 496 3200 publicae¹
514 3115 705 3171 anatomes
725 3101 872 3189 initium
903 3100 1033 3190 fieret,
1054 3102 1180 3174 donec
1210 3106 1330 3182 melio·

336 3244 425 3290 rurn
444 3217 668 3288 cadaverum
687 3219 811 3315 copiat
825 3234 930 3291 esset.
960 3223 1089 3316 Itaque
1117 3235 1234 3318 caput
1264 3245 1330 3292 non

337 3337 536 3434 attigimus.
556 3336 646 3424 Quae
661 3349 811 3422 venter,
830 3351 866 3406 et
886 3359 968 3432 quae
979 3334 1114 3406 thorax
1128 3363 1285 3436 quoque
1296 3362 1331 3408 ex

337 3468 472 3552 parte,¹
496 3450 709 3524 adnotanda
735 3452 962 3540 obtulerint,
990 3453 1052 3524 hic
1081 3454 1251 3528 habebis.
1281 3461 1333 3525 ln÷

337 3571 472 3655 testina
489 3567 644 3668 quidem
665 3567 746 3642 laxa
764 3585 889 3658 erant,
914 3585 951 3641 et
965 3572 1072 3666 quasi
1092 3570 1329 3644 inflammata:

374 3852 423 3929 o)
443 3852 482 3909 a.

380 3949 421 4030 (α)
443 3953 480 4007 n.
501 3951 531 4021 a.
