2810 4668
232 407 364 496 ‚m
456 428 1126 480 mfflmmfflmmmm

292 571 405 646 quam
430 542 537 618 facile
554 567 687 616 eorum
706 543 821 616 latera
843 544 942 617 inter
961 567 999 616 se
1031 561 1298 633 concrescant,

292 663 461 762 exempla
479 660 619 734 docent
636 661 853 760 complura,
874 685 1040 760 quorum
1053 661 1183 760 aliqua
1199 663 1298 734 indi·

292 780 392 854 cabit
406 779 474 852 tibi
493 779 692 850 Marcellus
710 783 881 854 Donatus
903 779 981 877 (r),
1009 781 1081 852 alia
1103 805 1178 853 nos
1204 778 1299 852 inira
1384 841 1385 846 ,

291 895 595 974 memorabimus.
610 895 686 966 Sed
704 921 783 967 non
803 897 927 970 solum
949 897 1047 970 nihil
1066 898 1299 995 ejuscemodi
1384 895 1385 900 ’

290 1029 528 1114 praecesserat
544 1015 585 1084 in
599 1011 670 1085 bac
687 1012 850 1106 femina,
866 1015 1300 1114 verumlaeviainsuper,
1384 1019 1385 1098 l

291 1121 599 1230 nitida,aequalia
625 1133 771 1221 omnia,
788 1131 856 1206 ubi
876 1133 916 1204 id
935 1133 1040 1232 quod
1063 1149 1145 1206 erat
1160 1133 1299 1232 vaginae
1384 1213 1385 1216 Ἴ

289 1250 515 1340 diduxisses,
533 1265 570 1324 et
583 1251 823 1349 explicasses,
833 1253 886 1324 sic
898 1250 1152 1350 apparebant,
1165 1267 1210 1324 ut
1224 1277 1299 1322 non

290 1370 410 1468 magis
424 1369 537 1466 hujus
553 1369 669 1442 latera
698 1393 812 1466 quarn
833 1368 925 1442 illud
953 1371 993 1440 in
1023 1368 1131 1467 quod
1156 1369 1300 1442 desine-

289 1487 403 1575 bant,
419 1489 526 1584 quasi
546 1488 700 1560 lacunar
717 1514 738 1558 a
756 1502 891 1560 natura
920 1509 1018 1574 esse,
1035 1502 1076 1560 et
1095 1513 1143 1560 ex
1169 1487 1297 1562 eadem

290 1604 517 1692 substantia,
544 1604 752 1702 eademque
774 1619 964 1678 structura
992 1606 1171 1704 primitus
1190 1603 1299 1678 tuisse
1384 1615 1385 1696 ᾗ

291 1719 409 1810 facta,
427 1713 665 1821 intelligeres.
690 1725 767 1801 Nec
800 1747 892 1808 vero
914 1722 953 1794 id
972 1722 1129 1796 lacunar
1148 1721 1298 1821 urgenti
1384 1753 1385 1796 ς

291 1840 569 1940 explorantium
594 1839 739 1938 digito,
765 1855 830 1912 aut
853 1840 978 1912 mariti
1000 1841 1077 1936 jam
1095 1865 1167 1938 per
1185 1843 1298 1912 trien-

182 1933 215 1996 '⁸
291 1961 399 2032 nium
424 1959 532 2057 peni,
557 1957 784 2032 membranae
811 1958 928 2032 instar
945 1981 1028 2056 quae
1055 1959 1096 2030 in
1118 1973 1300 2032 transver·
1384 2031 1385 2058 χ

294 2101 377 2150 sum
393 2075 504 2146 ducta
532 2090 641 2163 esset,
657 2074 866 2173 quidquam
885 2073 1061 2165 cedebat3
1076 2075 1143 2150 sed
1156 2091 1201 2146 ut
1220 2075 1302 2148 soli-

294 2192 383 2282 dior¹
403 2193 638 2288 crassiorque
654 2192 778 2289 paries
796 2191 1040 2264 renitebatur.
1063 2193 1130 2264 His
1156 2195 1209 2265 ita
1231 2193 1303 2264 ani·

293 2308 518 2396 madversis,
532 2333 619 2382 curn
633 2333 677 2380 ex
692 2311 849 2384 muliere
864 2365 874 2400 ,
889 2307 1048 2382 florente
1062 2308 1190 2381 adhuc
1204 2324 1304 2382 aetate
1384 2319 1385 2384 ἲ

291 2441 329 2500 et
345 2427 494 2526 egregia
509 2427 722 2502 valetudine
736 2427 907 2526 praedita.
922 2414 1179 2527 quaesiiissern
1193 2482 1203 2516 ,
1216 2451 1303 2498 num

295 2559 338 2620 ut
348 2546 506 2634 caeteris,
519 2547 568 2636 ita
584 2546 664 2645 ipse
685 2571 864 2644 quoque,
885 2547 916 2618 si
935 2571 1014 2618 non
1028 2545 1186 2644 singulis
1207 2570 1304 2618 men·
1384 2545 1385 2558 ¹

297 2660 419 2750 sibus,
444 2678 482 2736 at
505 2663 710 2761 aliquando
737 2665 890 2762 sanguis
911 2663 1001 2736 inde
1020 2657 1219 2750 fluxisset,
1241 2675 1305 2734 aut

297 2781 427 2856 saltem
442 2805 510 2878 per
535 2796 636 2854 certa
663 2781 858 2854 intervalla
877 2781 1037 2854 wdolores
1066 2779 1114 2852 ad
1139 2779 1304 2865 lumbos,

294 2897 483 2998 pubemve
508 2899 721 2986 orirentur3
742 2898 804 2970 illa
824 2923 916 2983 vero
936 2898 1164 2972 haecomnia
1181 2921 1306 2996 negas·
1384 2929 1385 2944 ¹

296 3030 372 3104 set3
391 3013 491 3086 idem
507 3017 689 3113 suspicari
711 3017 810 3113 coepi
829 3017 933 3114 quod
961 3018 1001 3088 in
1024 3017 1174 3106 altera,
1198 3039 1304 3114 quam
1384 3039 1385 3106 t

297 3131 366 3206 ubi
386 3130 639 3230 descripsero,
657 3156 739 3204 eam
771 3148 895 3205 tecum
924 3133 1182 3231 suspicionem
1207 3157 1304 3206 com·

300 3247 516 3324 municabo.

155 3462 160 3473 x
240 3409 242 3414 ·
353 3394 406 3440 ια.
425 3365 609 3472 Narrabat
629 3365 706 3440 haec
728 3366 866 3456 altera,
889 3393 968 3442 non
992 3391 1032 3440 se
1054 3367 1214 3465 quidem
1233 3391 1307 3440 essa

295 3482 575 3582 inperforatam
590 3540 600 3575 ,
613 3483 677 3558 sed
687 3499 847 3582 angusto
866 3539 876 3574 ,
897 3484 991 3559 adeo
1007 3481 1194 3558 foramine
1214 3507 1305 3584 prae·
1341 3487 1343 3494 ’

300 3601 444 3688 ditam,
468 3617 608 3678 utnon
634 3600 813 3700 ignobilis
843 3604 886 3676 in
913 3603 1133 3676 doctissima
1165 3603 1306 3675 civitate

341 3965 385 4056 (ι)
406 3970 452 4031 De
464 3969 569 4033 medic.
584 3972 653 4034 hist.
667 3972 810 4038 mirati.
827 3974 865 4052 6,
879 3994 907 4034 c.
920 3993 951 4034 a.
