2746 4674
133 353 156 422 ᾖ
260 335 326 408 128
422 359 468 404 nr
495 353 641 404 sumnus
666 355 710 402 m
735 351 858 402 crusis
884 353 1093 404 moruorum

257 473 384 544 firmet
403 471 552 542 illarum
569 468 768 566 plerasque
784 483 848 540 aut
863 495 996 543 omnes
1007 472 1117 543 etiam
1133 470 1284 544 abesse

207 687 209 692 Ι
257 589 447 662 interdum
485 611 615 684 posse,
655 603 696 658 ut
715 581 846 658 ¹edium
883 589 1060 660 morbum
1093 603 1288 686 spectent

259 708 416 794 medici,
439 704 602 776 calculos
617 719 742 776 autem
763 707 886 802 quiin
907 705 1063 778 renibus
1078 722 1185 796 sunt,
1202 709 1287 778 mi·
1370 733 1371 754 1

259 829 362 898 nime
383 825 630 920 suspicentur.
647 827 763 894 Porro
781 831 1054 922 supervacuum
1073 839 1128 896 est
1140 825 1287 896 admo·

260 967 377 1030 nere,
404 941 646 1038 supervenire
677 937 787 1038 posse
817 965 946 1014 causas
964 941 1014 1012 ob
1034 965 1126 1040 quas
1156 941 1289 1013 dolor
1370 943 1371 1020 i

263 1074 392 1146 cesset,
405 1060 471 1156 qui
488 1073 596 1130 antea
614 1059 653 1128 in
671 1083 762 1131 rene
780 1058 840 1128 vel
858 1059 1121 1130 acerbissimus
1136 1057 1289 1148 fuerit,

262 1179 409 1250 nerveis
429 1175 600 1248 videlicet
618 1175 796 1262 surculis,
815 1177 891 1246 sive
910 1175 1112 1248 hebetibus
1141 1175 1286 1265 factiS,

265 1298 341 1368 sive
358 1294 608 1391 consumptis,
630 1309 672 1364 ut
685 1319 728 1366 ex
746 1295 798 1364 VI
815 1293 1038 1390 intelligitur
1057 1293 1173 1390 buj'us
1192 1320 1288 1368 sec-

174 1481 188 1499 ,
265 1413 379 1486 tionis
401 1410 674 1484 observatione.
706 1415 797 1501 Quae
825 1411 1068 1482 omnia'cum
1094 1412 1146 1482 ita
1176 1409 1288 1500 sint,

265 1545 368 1630 patet
388 1525 518 1628 quanti
535 1525 671 1601 referat
687 1529 726 1598 in
746 1527 1011 1625 {egrotantibus
1029 1553 1112 1625 quae
1122 1553 1289 1626 praeces·
1370 1575 1371 1626 p

267 1650 383 1722 serint
399 1647 615 1744 inquirere,
634 1661 693 1732 et,
726 1646 756 1716 si
785 1645 939 1741 quando
957 1645 1113 1718 ‘nullum
1142 1650 1287 1745 praeci-

265 1791 385 1866 puum
398 1767 545 1861 signum
560 1755 678 1834 exstet
690 1762 828 1834 renalis
843 1763 988 1851 calculi,
1005 1789 1085 1834 non
1097 1780 1287 1862 propter-

268 1909 312 1956 ea
332 1898 576 1954 contemnere
597 1880 738 1950 leviora
765 1895 829 1950 aut
847 1880 929 1951 aliis
948 1899 1103 1978 quoque
1127 1883 1286 1956 morbis

270 2000 496 2072 communia.
523 1997 593 2068 Sed
615 1997 804 2068 nostraeid
825 1997 959 2070 melius
982 1997 1178 2071 docebunt
1205 2000 1286 2071 hu·

268 2119 331 2214 jus
351 2115 475 2186 morbi
494 2117 531 2186 in
547 2114 788 2186 cadaveribus
799 2113 1027 2211 deprehensi
1045 2115 1287 2189 ohservatio-

270 2258 362 2322 nes,
378 2257 460 2329 quae
478 2232 564 2302 ideo
581 2234 617 2302 iu
633 2233 722 2303 alias
737 2230 1162 2331 differunturepistolas,
1173 2233 1287 2332 quod

271 2353 312 2422 in
333 2351 434 2422 hanes
444 2405 453 2438 ,
463 2347 529 2420 ubi
541 2349 587 2420 de
606 2347 826 2432 lumborum
840 2349 973 2422 dolore
988 2351 1123 2448 agitur,
1138 2376 1192 2423 eae
1200 2379 1287 2424 non

272 2466 450 2537 videntur
480 2469 683 2538 convenire
702 2468 742 2536 in
767 2465 907 2563 quibus
936 2468 967 2538 is
997 2466 1107 2539 dolor
1131 2494 1219 2540 non
1247 2493 1287 2542 se

271 2583 500 2685 prodiderat.
541 2637 542 2642 η

328 2703 382 2774 16.
398 2701 511 2790 Quod
520 2725 611 2772 vero
630 2701 793 2774 diximus
806 2703 845 2772 in
862 2701 1051 2802 descripto
1068 2727 1088 2774 a
1105 2702 1222 2777 nobis
1240 2701 1289 2777 fe

275 2822 402 2892 mineo
432 2842 544 2905 rene,
573 2820 762 2892 calculum
779 2845 850 2891 nec
875 2845 1051 2894 croceum
1082 2819 1195 2894 fuisse
1212 2825 1287 2896 nec

275 2937 496 3024 rubentem,
512 2950 549 3006 et
564 2937 668 3032 quod
687 2939 727 3006 in
748 2961 838 3008 rene
865 2939 963 3008 virili
989 2953 1068 3010 tres
1086 2938 1239 3013 albidos
1258 2963 1286 3012 ‘a

276 3053 388 3126 nobis
408 3054 582 3123 inventos
603 3052 683 3124 aliis
708 3052 755 3123 ad
775 3070 812 3124 te
830 3055 962 3126 litteris
978 3055 1031 3151 (ι)
1048 3081 1287 3129 commemo-

277 3172 463 3260 ravimust
489 3194 626 3266 nempe
648 3169 855 3242 discrimini
875 3172 929 3242 illi
948 3173 1184 3268 adversatur,
1205 3173 1285 3246 fere

277 3289 325 3360 ab
337 3287 514 3359 omnibus
526 3287 614 3356 olim
629 3303 799 3385 recepte,
813 3314 881 3386 per
895 3291 1118 3362 alterutrum
1131 3291 1178 3362 de
1189 3291 1285 3364 duo·

277 3406 350 3477 bus
370 3405 442 3476 illis
459 3404 648 3476 coloribus
668 3407 814 3504 genitos
832 3409 869 3476 in
887 3406 1043 3480 renibus
1058 3407 1203 3506 lapides
1225 3411 1285 3480 in·

279 3521 551 3596 ternoscendos
571 3545 648 3594 esse
664 3523 925 3616 credentibus,
943 3549 964 3594 a
985 3517 1119 3630 genitis
1131 3527 1171 3596 in
1188 3526 1283 3599 vesi-

320 3919 361 4000 (1)
382 3920 478 3996 Epist.
491 3921 545 3993 38,
560 3941 590 3976 n.
607 3930 655 3990 41.
