2746 4674
170 456 241 504 mr.
272 453 402 502 marm
429 453 565 501 nosris
590 449 760 516 vaurms,
785 451 896 500 narsr.
925 453 981 500 xc.
1014 425 1081 503 163

80 565 216 640 habere
237 565 452 654 videbatur,
470 589 556 636 cum
575 564 622 636 ad
638 564 823 636 coenulam
844 567 962 663 prima
988 564 1083 636 hora

75 683 200 756 noctis
219 683 633 768 surrexisset,molesto
648 680 813 780 quodam
832 705 941 755 sensu
953 697 1086 756 stoma·

84 797 156 888 chi,
172 817 210 871 et
227 798 369 872 affectae
389 801 504 899 partis
523 800 796 898 corriperetur,
815 801 1002 898 simulque
1022 823 1085 873 su-

84 914 172 989 dore
192 914 332 1016 frigido
352 915 485 1000 facies,
510 913 646 1014 frigore
665 931 766 987 artus
784 915 978 988 inferiores
1000 939 1087 1016 per·
1158 979 1162 988 ,

82 1030 350 1120 funderentur,
382 1049 512 1104 venter
530 1045 652 1105 autem
676 1032 782 1104 valde
808 1034 1086 1106 intumesceret.

82 1152 123 1219 ln
143 1150 284 1222 lectum
307 1151 491 1249 repositus
507 1145 730 1247 jamfuerat,
749 1175 834 1221 cum
853 1175 1014 1250 propere
1027 1175 1089 1226 ac·
1182 1151 1185 1158 ’

90 1268 242 1340 cersitns
255 1268 423 1340 medicos
438 1282 571 1366 praeter
581 1265 658 1338 baec
669 1321 678 1350 ,
690 1268 804 1340 totius
820 1269 1007 1366 epigastrii
1020 1269 1088 1340 do·

88 1383 224 1471 lorem,
259 1383 437 1456 vomendi
461 1397 632 1472 conatus,
657 1383 818 1456 humiles
838 1401 874 1456 et
894 1385 1088 1484 languidos

91 1503 229 1598 pulsus,
251 1518 294 1574 ut
319 1517 355 1574 et
378 1525 528 1590 vocem,
549 1516 585 1572 et
606 1517 791 1591 mentem,
811 1499 939 1573 faciem
965 1519 1091 1576 autem

92 1619 206 1714 qualis
226 1619 400 1690 cadaveri
419 1635 494 1702 est,
523 1617 782 1716 deprehendit.
810 1623 940 1716 Itaque
963 1637 1091 1694 octava

94 1762 132 1806 ex
149 1762 224 1834 qua
239 1737 317 1807 haec
334 1737 572 1834 inceperant,
593 1734 685 1805 hora
701 1759 801 1808 mors
814 1751 868 1807 est
879 1753 1088 1809 consecuta.

96 1857 145 1922 dn
162 1878 206 1924 ex
218 1869 357 1952 rupto,
372 1869 413 1924 ut
425 1853 528 1951 signa
542 1851 694 1950 quidem
712 1853 879 1924 indicant
893 1854 1092 1952 pleraque,

96 1993 159 2040 nec
174 1986 303 2043 tamen
324 1971 465 2055 omnia,
482 1969 661 2066 jecinoris
673 1969 868 2043 abscessu?
883 1997 929 2042 an
944 1997 988 2042 ex
999 1975 1092 2044 vasis

98 2087 294 2187 sanguileri
309 2088 544 2186 disruptione
561 2089 575 2157 l
593 2087 808 2160 Albertinus
827 2091 905 2186 ipse
923 2091 988 2187 qui
1010 2089 1094 2160 dili·
1172 2087 1175 2107 ¹

102 2207 328 2300 gratissime,-
346 2220 387 2276 ut
402 2203 565 2293 solebat,
593 2230 714 2303 nuper
729 2209 855 2276 omnia
880 2208 1015 2304 partim
1031 2206 1095 2277 ob-

101 2338 319 2407 servaverat,
336 2322 471 2420 partim
496 2323 759 2419 inquisiverat,
780 2347 850 2394 nec
872 2323 940 2394 alia
962 2339 1095 2421 praeter

104 2462 138 2508 ea
156 2466 238 2538 quae
259 2437 438 2510 modoad
460 2453 496 2510 te
522 2439 668 2537 scripsi,
696 2436 806 2511 fnisse
828 2440 988 2530 sciebat,
1007 2465 1093 2512 cum

105 2578 143 2624 ex
160 2559 253 2628 meis
270 2556 403 2626 litteris
422 2553 525 2624 hunc
540 2553 710 2658 bominis
728 2557 866 2626 exitum
880 2559 1096 2654 accepisset,

107 2687 139 2740 ut
160 2669 266 2744 facile
291 2669 516 2766 conjiciebat
539 2669 702 2767 aliquid,
726 2670 817 2742 dum
843 2695 939 2768 aeger
967 2695 1096 2770 surge·

105 2805 169 2874 ret,
179 2791 248 2861 illo
263 2787 395 2860 eodem
409 2801 514 2858 motu
524 2811 602 2858 esse
615 2785 826 2885 disruptum
837 2841 847 2876 ,
859 2789 1095 2884 multumque

105 2905 136 2974 in
162 2907 303 2980 ventris
336 2928 468 2977 cavum
499 2903 699 2974 humorem
728 2901 909 3006 effusum3
930 2905 979 2974 ita
1004 2903 1096 3000 quid

106 3019 307 3122 disruptum
327 3025 445 3106 esset,
466 3021 605 3116 pariter
624 3021 811 3116 conjicere
836 3044 874 3091 se
896 3043 1005 3117 posse
1027 3045 1095 3092 ne·

108 3139 215 3233 gabat.
231 3137 345 3232 Quod
362 3139 391 3209 si
417 3135 585 3234 quaedam
604 3140 797 3234 suppurati
818 3137 976 3209 tumoris
998 3137 1097 3210 indi·

107 3257 171 3344 cia,
188 3259 279 3330 etin
304 3256 362 3327 his
379 3280 460 3352 quae
477 3255 712 3352 potissimum
732 3252 972 3350 requirebat,
997 3271 1098 3330 certe

110 3390 219 3446 autem
238 3373 342 3445 nulla
362 3396 529 3469 unquam
550 3370 719 3460 fuerant;
737 3395 873 3469 nempe
893 3369 1099 3471 horripila-

111 3494 215 3564 tiones
229 3481 502 3591 praecessissent
513 3515 523 3577 ;
535 3504 616 3560 tum
632 3513 722 3560 vero
739 3486 924 3561 fatebatur
936 3513 974 3561 se
991 3471 1098 3565 facile

110 3629 147 3676 ex
167 3623 276 3707 rupta
305 3606 449 3704 hepatis
467 3607 616 3688 vomica
642 3630 723 3676 rem
758 3603 870 3676 fuisse
893 3605 1099 3704 explicatu·

111 3743 193 3796 rum.
213 3729 331 3823 Igitur
351 3724 455 3819 siqua
477 3723 515 3792 in
539 3723 721 3820 particula
741 3721 886 3822 hepatis
905 3723 1005 3794 lente
1032 3723 1100 3794 ali·

113 3843 210 3934 quid,
226 3867 268 3914 ac
292 3841 451 3912 latenter
470 3839 517 3910 ad
538 3841 850 3938 suppurationem
865 3838 960 3911 lorte
978 3841 1101 3912 venis·

117 3957 1099 4058 set,suspicarise,nontamexejusparticnlae,quam

898 4079 956 4142 ιι*
