2726 4676
321 431 391 515 adl
480 450 524 498 nr
551 449 695 499 seorsus
720 453 764 498 ar
789 449 912 499 causis
938 451 1146 500 arcanorum

220 623 223 638 .
319 587 424 652 sum,
444 567 612 662 inRegiae
633 567 873 636 scientiarum
893 563 1310 638 AcademiaeParisiensis

319 680 548 786 historiali)
572 683 749 780 legimus,
774 681 929 792 fortasse
953 661 1087 780 etipse
1109 708 1178 781 per
1196 705 1235 753 se
1253 707 1310 778 pa·

319 801 409 870 riter
427 800 525 869 iutra
542 801 711 896 vaginam
738 799 941 872 excidisset.
968 799 1202 872 Crediderim
1229 823 1309 868 vero
1354 829 1355 872 i

318 917 357 984 in
377 939 422 986 eo
436 941 588 1012 quoque
609 941 696 988 casu
715 917 912 988 transitum
936 942 981 988 ex
1003 942 1146 988 summa
1168 916 1310 988 uretbra

320 1033 438 1129 magis
459 1057 571 1128 quam
584 1057 628 1102 ex
644 1034 762 1104 vesica
782 1034 821 1102 in
834 1035 1004 1130 vaginam
1019 1031 1131 1106 luisse
1144 1087 1153 1120 ,
1167 1031 1311 1130 quando

322 1151 539 1220 successisse
572 1149 763 1247 legimus,
793 1175 871 1220 non
907 1151 1024 1222 urinae
1052 1175 1120 1248 per
1149 1151 1310 1247 vaginam

323 1261 522 1352 effluxum,
542 1265 605 1335 sed
619 1268 735 1336 urinae
746 1281 889 1336 tantum
900 1251 1227 1338 incontinentiam.
1241 1266 1311 1336 Sive

323 1382 423 1452 euim
444 1387 532 1453 ac'us
563 1408 581 1452 e
606 1382 729 1480 digitis
752 1377 830 1454 non
857 1397 934 1454 tota
957 1386 996 1452 in
1028 1382 1206 1481 pluribus
1228 1385 1313 1453 intra

323 1500 483 1570 vesicam
516 1499 719 1598 abripitur,
748 1515 789 1570 ut
818 1524 930 1597 supra
968 1499 1311 1596 (2)''conjiciebam,

324 1617 400 1688 sive
415 1619 548 1704 mavis,
565 1632 694 1714 postea
715 1643 827 1714 quam
843 1632 923 1688 tota
944 1617 1100 1716 abrepta
1125 1632 1203 1704 est,
1234 1639 1310 1686 con·

325 1733 498 1806 trahente
536 1759 573 1806 se
604 1737 750 1822 vesica,
783 1736 822 1804 in
862 1733 1057 1811 uretbram
1092 1734 1308 1817 retruditur,

326 1877 491 1948 quorum
507 1851 599 1922 illud
622 1852 868 1922 verisimilius
885 1877 1039 1956 eensgo,
1060 1877 1146 1922 cum
1166 1873 1310 1923 acumen

325 1968 430 2064 quod
447 1969 570 2066 digitis
587 1968 807 2058 tenebatur,
825 1995 901 2040 non
914 1970 1139 2068 capitulum,
1159 1972 1201 2039 in
1220 1967 1311 2040 Moli·

326 2086 438 2170 netti,
459 2100 495 2156 et
513 2087 670 2156 Mariani
696 2102 795 2159 certe
822 2087 1020 2184 exemplis,
1050 2089 1138 2157 etin
1170 2085 1310 2158 totidem

325 2227 408 2298 quae
430 2205 610 2273 continuo
629 2201 834 2300 proferam,
854 2203 900 2274 ab
918 2202 1082 2274 urcthrae
1095 2219 1202 2301 parte
1218 2201 1311 2274 fuisse

329 2320 463 2408 sciam;
484 2319 579 2392 nihil
597 2318 679 2390 fieri
705 2319 848 2394 facilius
866 2336 1010 2420 potest,
1026 2347 1139 2420 quam
1165 2335 1208 2392 ut
1230 2319 1311 2416 capi·

328 2436 451 2506 tuloa
481 2441 688 2535 posteriore
716 2440 845 2510 vesicae
882 2453 1005 2537 parte,
1042 2441 1185 2537 quippe
1218 2459 1311 2536 quam

327 2578 473 2626 annexa
490 2555 621 2651 vagina
641 2571 731 2626 tunc
759 2555 914 2627 libidine
933 2572 1088 2654 turgens
1113 2571 1311 2628 antrorsum

217 2659 223 2669 ’
328 2669 504 2770 impellit,
523 2686 736 2743 antrorsum
749 2674 888 2769 pariter
901 2673 1115 2770 compulsu,
1129 2664 1309 2771 obliquata

329 2813 417 2860 acus
446 2813 578 2860 mucro
599 2805 806 2872 retrorsum
835 2805 985 2890 agatur,
1021 2793 1148 2888 sicque
1176 2793 1217 2865 in
1244 2812 1310 2860 ure·

328 2905 422 2976 thrae
435 2907 681 3002 posteriorem
699 2907 900 3004 parietem,
919 2908 1122 3004 praesertim
1141 2909 1172 2978 si
1186 2906 1310 2980 acutior

330 3023 397 3109 sit,
420 3046 457 3093 se
486 3019 641 3121 deligat,
661 3033 826 3120 eumque
851 3025 992 3096 crebris
1022 3023 1175 3095 adactus
1204 3022 1309 3096 vesica

330 3139 682 3228 contractionibus,
695 3140 1080 3239 deniquepertundat.
1099 3143 1215 3234 Quod
1225 3136 1310 3214 sicuti

332 3254 471 3343 factum
501 3273 555 3330 est
585 3259 624 3327 in
651 3261 785 3356 agresti
818 3259 1122 3348 adolescentula,
1148 3286 1231 3357 quae
1251 3258 1310 3327 hac

333 3398 392 3450 me
413 3375 672 3464 scribente,ab
691 3378 920 3450 nostratibus
939 3378 1124 3474 chirurgis
1135 3402 1244 3475 opem
1263 3397 1309 3472 pe·

333 3490 453 3580 tabat,
474 3494 523 3563 ita
550 3490 720 3564 futurum
743 3492 874 3566 fueratv
890 3497 928 3565 in
958 3471 1182 3592 virguncula
1215 3509 1310 3566 annos

331 3609 621 3705 quatuordecim
642 3627 748 3699 nata,
784 3613 830 3684 de
858 3637 974 3710 quaa
1004 3610 1199 3710 chirurgo,
1230 3613 1263 3681 in
1281 3627 1309 3674 re

334 3783 1309 3840 ——m--ss--ff--d

373 3891 418 3970 (1)
437 3895 494 3949 An.
516 3894 607 3969 1735,
623 3897 686 3956 obt.
702 3907 782 3954 anat.
798 3915 842 3954 ιο.

372 3989 416 4072 (a)
438 3995 476 4052 N.
499 4012 548 4050 αι.
