2810 4668
163 355 165 360 ’
275 355 344 432 568
439 381 486 426 ns
511 377 659 428 seorsus
684 379 728 428 rr
753 377 878 426 elusis
897 373 1114 430 :consonuit

275 495 421 592 inquit,
452 494 707 567 membranam
737 496 1055 590 superexcrevisse
1085 497 1124 560 in
1161 489 1283 568 osculo

188 676 198 702 ,
276 627 476 686 uterorum.
497 613 580 700 Qua
599 609 645 710 de
661 608 883 682 membrana
900 607 993 706 quid
1007 607 1089 708 ipse
1108 606 1285 698 viderim,

274 727 354 802 haec
371 727 444 800 tibi
458 726 632 820 ostendet
646 725 869 800 observatio.
1135 815 1136 820 ἵ

282 895 287 902 -
329 872 383 944 17.
397 850 424 916 F
425 847 547 917 emina
559 867 679 916 annos
688 858 775 916 nata
785 842 832 916 ad
843 845 1141 942 quinquaginta,
1156 841 1285 916 clauda

276 963 389 1054 adeo,
405 979 448 1036 ut
464 977 566 1034 artus
580 960 737 1034 inferior
754 962 890 1036 dexter
903 961 1057 1042 brevior
1076 976 1178 1034 esset
1198 987 1286 1062 qua·

278 1099 367 1155 tuor
382 1081 507 1178 digitis
518 1105 632 1178 quam
644 1081 796 1154 sinister
807 1135 816 1166 ,
829 1105 875 1152 ex
887 1079 1071 1153 asthmate
1084 1073 1288 1152 innosoco-

279 1202 358 1272 mio
370 1199 580 1272 decesserat
598 1198 839 1296 subjanuarii
853 1197 968 1271 finem
981 1199 1198 1299 anni17l73
1217 1224 1287 1298 quo

277 1335 466 1418 tempore,
482 1333 526 1390 ut
539 1319 671 1392 solitus
689 1343 791 1406 sum,
810 1319 850 1388 in
871 1319 1065 1416 gymnasio
1083 1334 1287 1391 anatomen

278 1435 471 1508 docebam.
483 1440 638 1510 Pectore
649 1451 728 1509 erat
741 1451 991 1535 perangusto:
1006 1461 1132 1534 eoque
1145 1451 1288 1534 aperte,

278 1555 395 1626 multa
410 1555 513 1627 intus
527 1579 625 1652 aqua
638 1557 791 1626 inventa
807 1569 886 1626 est:
905 1569 1036 1626 caetera
1049 1579 1131 1626 non
1139 1555 1291 1654 parqui-

279 1674 461 1760 siverunt,
478 1674 619 1772 quippe
639 1670 876 1762 festinanteS,
892 1672 1075 1770 nullaque
1088 1672 1162 1742 alia
1184 1672 1232 1744 de
1251 1698 1291 1745 re

218 1779 219 1782 ¹
278 1790 448 1880 solliciti,
469 1793 541 1864 nisi
561 1807 604 1862 ut
622 1815 705 1888 quae
726 1790 826 1879 lotii,
846 1805 882 1863 et
902 1790 1158 1890 generationis
1183 1815 1291 1864 causa

279 1924 409 1993 creatae
438 1899 544 1997 sunt,
570 1925 696 2007 partes
732 1923 905 2002 accurate
938 1907 1157 1998 demerent,
1188 1910 1291 1981 etin

279 2029 516 2124 gymnasium
530 2025 718 2126 afferrent.
733 2030 922 2124 Utrasque
936 2026 1139 2124 diligenter
1152 2027 1292 2124 perlus

279 2145 383 2214 trevi.
402 2149 447 2213 In
461 2143 549 2233 illis,
565 2159 767 2242 postquam
783 2143 1002 2217 abaunexis
1019 2145 1169 2242 magnis
1181 2160 1291 2216 trun-

280 2261 332 2330 cis
355 2258 541 2357 profectas
562 2263 731 2351 arterias,
757 2286 946 2360 venasque
965 2261 1090 2334 iliacas
1112 2286 1135 2332 a
1152 2259 1292 2336 dextris

278 2379 491 2466 tenuiores,
512 2403 626 2476 quam
648 2405 669 2450 a
690 2381 865 2472 sinistriS,
886 2379 1071 2478 spectavi,
1087 2403 1204 2452 renes
1218 2381 1293 2450 ani·

280 2495 464 2568 madverti
485 2522 557 2596 pro
580 2496 726 2570 feminae
744 2513 885 2570 statura
904 2521 986 2595 quae
1009 2520 1126 2596 parva
1150 2494 1294 2585 fuerat,

281 2639 359 2686 non
396 2640 549 2714 parvos,
580 2641 690 2690 sanos
717 2632 862 2705 tamen,
890 2629 1076 2714 quantum
1112 2617 1293 2688 aestimare
1389 2689 1390 2696 χ

279 2735 408 2832 potui:
425 2736 598 2806 sicetiam
613 2737 652 2806 in
666 2737 807 2824 vesica,
818 2735 927 2832 cujus
937 2759 1023 2834 pars
1036 2732 1170 2806 infima
1182 2733 1293 2832 phlo-

281 2853 945 2952 gosiapparebataffecta,ureterum
959 2852 1088 2924 oscula
1099 2853 1294 2950 aliquanto
1389 2911 1390 2914 ,

281 2971 476 3069 ampliora.
491 2973 604 3062 Quod
620 2972 667 3042 ad
680 2973 854 3070 genitalia
870 2972 1020 3064 attinet,
1036 2985 1078 3041 ut
1090 2969 1154 3040 hic
1168 2987 1294 3068 praete·

280 3091 387 3158 'ream
422 3113 504 3184 quae
530 3087 644 3184 hujus
670 3088 746 3185 loci
774 3113 854 3160 non
887 3103 993 3175 sunt,
1022 3084 1291 3186 inprimisque
1389 3101 1390 3138 l

280 3203 1290 3304 hymenem,atquealiaquaeintegerrimamvirginem
1389 3195 1390 3222 ¹

281 3337 417 3420 praeter
440 3324 737 3420 expectationem
753 3321 1038 3422 significarunt3
1058 3323 1229 3420 primum
1248 3347 1290 3392 ex
1389 3409 1390 3416 ἵ

279 3440 325 3511 iis
352 3453 441 3536 quae'
459 3429 789 3521 sinedissectione
806 3441 987 3512 adnotare
1009 3441 1139 3537 potui,
1161 3438 1289 3510 eadem
1389 3427 1390 3504 l

281 3553 474 3652 phlogosis
493 3556 563 3637 fuit
579 3559 619 3628 in
638 3558 800 3655 hymene
818 3557 1016 3644 duntaxat,
1032 3557 1147 3654 eique
1163 3557 1289 3654 proxi·
1389 3629 1390 3646 χ

281 3697 342 3742 ma
372 3676 552 3746 naturalis
572 3677 756 3749 exteriore
780 3673 892 3766 facie,
916 3691 953 3747 et
977 3673 1114 3746 ex'hac
1136 3673 1288 3771 parvula
1389 3727 1390 3782 ἶ

263 3803 414 3888 'prater
439 3807 617 3863 naturam
646 3783 877 3892 assurgentia
903 3785 1124 3881 tubercula,
1150 3793 1287 3890 pariter
1389 3791 1390 3812 ¹

219 3916 223 3925 ’
280 3907 397 3982 rubra
417 3924 482 3982 :·et
501 3909 695 4012 phlogosis
715 3915 803 3988 item
818 3915 861 3984 in
881 3911 1064 4010 Falloppii
1082 3907 1286 3998 tubis,alis
