2746 4674
258 431 324 516 ¹7⁰
426 447 470 490 ne
498 444 644 490 sumnus
671 443 714 488 nr
742 443 866 489 cauus
894 443 1102 490 nronnonunr

254 558 430 614 tremitateru
442 557 560 632 pollicis
574 557 659 614 facile
671 557 850 630 reciperent,
869 568 898 612 et
915 557 957 613 sic
970 557 1050 614 viam
1062 559 1264 614 formaveram

208 681 212 696 ·
251 674 306 734 per
331 677 420 733 quam
449 676 563 714 vermes
584 654 726 732 acephalo
749 657 853 732 cystici
878 658 909 712 in
936 659 1067 714 canalem
1093 654 1266 714 rachideum

251 759 418 835 transgredi
436 767 604 832 potuerant.
630 760 735 832 Itaque
756 752 815 813 hoc
845 757 941 812 canali
966 776 1051 814 osseo
1078 756 1133 812 rite
1159 766 1263 831 aperto

247 857 543 914 multi‘inveniuntur
558 875 673 912 vermes
687 853 827 932 hydatosi
849 858 939 913 siriae
946 855 1188 934 magnitudinis,
1206 855 1261 932 qui
1347 891 1348 904 i

249 956 382 1030 undique
396 955 619 1013 circumdabant
634 971 807 1031 processum
816 958 980 1033 menlugis,
994 969 1023 1013 et
1034 957 1076 1013 sic
1087 957 1263 1032 premebant

249 1055 422 1113 fasciculum
442 1051 617 1128 nervorum,
637 1057 706 1132 qui,
725 1069 785 1112 tam
801 1057 919 1132 inepte,
932 1059 1021 1170 vulgo
1039 1057 1150 1114 dicitur
1164 1056 1260 1113 cauda
1347 1083 1348 1108 l

187 1197 197 1212 .
248 1157 367 1231 equina.
564 1163 566 1170 ’

293 1257 380 1313 Unde
396 1256 569 1333 paraplegia
584 1256 786 1312 membrorum
804 1255 1039 1324 abdominalium
1060 1269 1089 1312 et
1107 1259 1166 1314 alia
1178 1254 1262 1332 pbaea

247 1373 375 1412 nomena
397 1358 426 1411 in
451 1357 578 1412 decursu
592 1355 691 1414 morbi
703 1356 871 1412 observata
874 1367 903 1411 et
919 1375 985 1431 quae
1005 1367 1132 1412 mortem
1147 1357 1257 1412 attule-

250 1466 333 1512 runt.

287 1559 352 1614 iam
365 1573 462 1614 casum
475 1556 566 1614 ferme
581 1557 706 1614 similem
716 1557 942 1614 observatorem
955 1575 1035 1613 anno
1051 1557 1137 1626 1807.
1161 1554 1257 1628 Hujus

246 1656 370 1712 historia
382 1658 571 1732 promulgata
585 1657 668 1712 fuit
660 1675 691 1714 ιιι
704 1659 910 1732 opusculocui
923 1657 1026 1712 titulus
1048 1668 1113 1714 est:
1130 1655 1254 1712 Procris-

246 1759 353 1814 venbal
364 1759 402 1812 de
414 1759 444 1812 la
456 1759 638 1812 distribution
651 1758 865 1830 despn'xfaitc
876 1777 939 1813 aun
951 1759 1044 1812 eleves
1053 1756 1254 1831 sago-firmes

248 1859 286 1912 de
295 1859 324 1913 la
335 1857 505 1924 Macemite,
521 1859 549 1912 le
559 1875 596 1931 29
602 1857 670 1926 juin
683 1853 768 1928 1807.
770 1853 864 1932 Saepe
873 1857 1054 1914 mentionem
1066 1857 1124 1914 feci
1132 1856 1264 1929 hujusce

251 1975 334 2014 casus
348 1955 700 2030 inmeispraelectionibus
711 1957 841 2031 publicis
853 1968 882 2012 et
892 1957 1126 2013 commonstrari
1138 1955 1258 2010 audito-

250 2055 333 2112 ribus
340 2054 509 2130 portionem
522 2055 825 2129 spinaevertebralis,
817 2073 849 2111 ιιι
861 2075 920 2130 qua
931 2053 1175 2115 videaturadbuc
1187 2071 1253 2110 ero-

251 2156 305 2213 sio
319 2168 348 2210 et
361 2153 552 2227 amplificatio
565 2155 719 2212 foraminis
736 2155 1001 2226 intervertebralis3
1016 2175 1071 2231 per
1086 2156 1170 2231 quod
1184 2172 1253 2210 ver-

247 2263 308 2312 ines
322 2251 488 2328 hydatosi³
480 2273 512 2310 m
531 2257 663 2312 canalem
679 2256 850 2312 ruchideum
873 2267 1109 2330 penetraverant.

520 4451 524 4461 b

473 4471 1348 4660 ῌ-ὲῄᾼ

165 4653 277 4660 ...........
326 4653 406 4659 ..-ψ-ν
426 4651 472 4660 ...-
745 4651 769 4653 Α
