2726 4676
131 464 198 515 na.
227 463 282 514 111.
310 465 357 514 nr
383 465 841 538 uonrrsvrurms,rr1sr.
869 468 957 515 κω.
988 445 1052 515 281

65 580 176 651 raudo
197 577 279 652 fuse
294 580 383 650 olim
403 605 471 678 per
488 579 629 652 litteras
644 573 868 678 significavi,
888 596 926 656 et
941 581 1061 652 multo

68 697 157 767 inter
198 697 304 768 initia
340 697 549 796 pleniorem
586 711 707 785 metu,
747 722 873 794 neque
903 695 1061 768 infelicis

67 827 184 884 tamen
210 813 361 902 exitus,
398 815 630 884 curationem
665 812 821 884 alteram
857 815 897 885 in
933 814 1064 912 Sepul-

71 928 194 1001 chreto
220 929 274 1026 (t)
304 929 457 1028 legerim
476 955 498 998 ε·
520 931 560 1000 ἰη
590 955 668 1026 quo
694 929 748 1027 (a)
784 933 894 1002 etiam
912 927 1064 1027 {femina

70 1047 245 1144 principis
264 1045 419 1118 historia
432 1033 571 1135 exstat,
585 1071 667 1145 quae
686 1049 911 1144 gravissimis
929 1071 1064 1118 renum

71 1161 257 1234 doloribus
271 1153 360 1234 'cum
383 1165 593 1262 sanguinis,
619 1179 655 1236 et
675 1166 780 1262 puris
807 1164 935 1237 mictu*
958 1180 1067 1236 antea

72 1281 244 1369 cruciata,
260 1279 397 1352 deinde
423 1279 469 1351 ab
498 1280 556 1352 his
572 1280 714 1369 libera,
739 1281 876 1353 morbo
902 1282 1067 1380 denique

71 1395 134 1466 alio
153 1393 343 1485 confecta,
362 1399 498 1469 inrene
513 1397 677 1469 ostendit
688 1423 844 1497 parvum
860 1399 1065 1484 calculum,

73 1518 161 1584 cirea
181 1539 293 1612 quem
317 1520 473 1586 cicatrix
483 1512 667 1613 pulchra,
685 1541 782 1585 sana
803 1530 839 1585 et
852 1515 995 1586 munda
1009 1515 1067 1586 di-

74 1629 169 1700 midii
183 1631 295 1727 digiti
316 1629 546 1727 longitudine
568 1630 721 1703 inducta
745 1645 832 1703 erat.
855 1631 957 1722 Quin
980 1655 1067 1728 per-

76 1743 146 1842 lege
160 1772 276 1843 quam
294 1747 408 1845 paulo
434 1763 518 1818 ante
535 1746 791 1836 laudavimus,
819 1748 1005 1818 Brunneri
1028 1747 1068 1816 in

76 1863 146 1932 viro
160 1863 652 1963 principeobservationem.
668 1867 753 1935 Non
768 1864 883 1934 modo
898 1863 1068 1934 eamdem

71 1979 298 2074 palliativom
311 1981 487 2054 medendi
496 1984 677 2054 rationem
694 2006 767 2080 qua
779 2006 891 2080 supra
909 1981 962 2076 (3)
978 1981 1070 2050 dixi·

78 2119 153 2194 mus,
170 2099 378 2171 Valsalvam
398 2100 454 2170 uti
478 2101 741 2185 consuevisse,
763 2095 909 2170 tantum
935 2099 969 2169 ei
987 2097 1069 2166 viro

79 2211 253 2308 profuisse
270 2217 475 2313 intelligeS,
496 2231 538 2288 ut
552 2221 769 2287 Brunnerus
785 2242 863 2288 non
880 2215 1070 2288 immerito

79 2327 111 2398 id
131 2333 333 2431 scripserit,
348 2331 452 2430 qnod
465 2331 608 2404 utinam
627 2333 667 2402 in
686 2335 907 2430 periculosis
923 2331 1070 2404 casibus

80 2445 260 2521 lithotomi
287 2451 562 2538 meminissent,
586 2473 674 2546 ergo
700 2449 915 2521 lithotomia
937 2455 975 2518 in
994 2447 1071 2520 cal-

80 2563 152 2634 culo
163 2573 297 2639 veriore
310 2593 386 2638 non
400 2592 543 2664 semper
558 2555 728 2637 obsolute
749 2573 821 2638 erit
839 2571 1071 2651 neeessaria3

81 2703 200 2754 verum
217 2685 372 2782 insuper
392 2683 497 2781 quod
510 2682 639 2780 fidem
649 2707 746 2781 pene
770 2697 951 2780 superat,
969 2681 1072 2753 ulce·
1146 2771 1180 2781 Η

84 2819 158 2868 rum
180 2825 262 2898 quae
287 2801 474 2889 calculus,
503 2815 539 2872 et
564 2801 755 2870 'contraria
782 2797 960 2870 medendi
978 2800 1073 2868 ratio
1156 2799 1179 2812 ''

85 2929 181 2988 antea
199 2916 381 3006 fecerant,
408 2922 595 2988 cicatrices
623 2921 797 2989 invenisse
824 2930 1076 3014 protectorem

86 3033 118 3098 in
129 3041 249 3106 uesica
263 3036 333 3106 viri
352 3033 540 3131 ejusdem,
555 3036 727 3131 quamvis
739 3033 978 3130 sexagenario
999 3056 1076 3102 ma·

85 3144 175 3237 joris.
198 3152 269 3222 Sed
291 3151 471 3223 nimirum
492 3151 603 3249 longe
632 3150 734 3222 aliud
757 3165 812 3222 est
838 3173 920 3247 quae
955 3149 1075 3220 rarius

89 3268 320 3367 contingunt,
337 3268 438 3340 aliud
452 3293 534 3366 quae
555 3270 707 3368 saepius,
729 3282 917 3366 spectare:
937 3281 1074 3363 atque,
1134 3277 1151 3298 ⁸

89 3395 125 3450 ut
147 3384 192 3454 ad
215 3387 369 3483 puellas·
384 3385 577 3483 regrediar
603 3403 768 3474 nostras,
793 3383 895 3455 aliud
918 3383 958 3454 in
985 3398 1077 3455 tem-

90 3503 294 3590 pore,aliud
307 3505 465 3574 nimium
474 3526 674 3602 progresso
684 3505 762 3600 jam
773 3501 909 3574 morbo
922 3502 1075 3590 accersi:

356 3671 359 3678 ,
983 3667 987 3674 .

126 3796 168 3875 (1)
186 3803 261 3860 Sect.
275 3823 362 3880 super
379 3806 435 3875 23,
449 3806 514 3862 obs.
531 3814 565 3878 4,
585 3805 658 3875 313.

128 3896 167 3972 (a)
188 3905 261 3963 Stet.
278 3921 331 3976 aa,
349 3905 412 3961 obs.
427 3904 483 3978 26,
500 3909 515 3974 S
531 3905 558 3962 8.

126 3995 164 4074 (3)
184 4003 218 4060 tt.
243 4004 287 4061 16.
