2726 4676
99 447 167 494 mu.
195 446 251 494 111.
280 445 327 492 DE
352 441 488 494 uolnus
506 442 676 506 VERRIS,
703 423 812 491 ms'r·
840 445 927 492 ml.
958 451 1022 494 221

36 587 110 650 non²
123 561 296 632 viventis.
315 560 446 654 Neque
464 557 564 628 enim
582 557 710 627 vesicae
728 557 940 654 sphincter,
958 563 1031 633 nisi

37 681 185 750 omnino
207 679 372 763 laxatus,
390 674 532 746 aditum
551 675 590 742 in
606 676 764 765 vesicam
780 679 1028 772 permisisset,

37 822 149 894 neque
160 793 308 882 homo,
325 794 397 864 nisi
412 793 569 862 omnino
587 815 698 862 sensu
718 814 870 879 carens,
887 811 1031 891 reptan·
1057 805 1063 814 '

38 916 77 985 tis
93 939 159 1011 per
173 911 371 983 urethram
392 925 557 994 motum,
571 907 736 1004 indeque
750 911 941 980 stimulum
953 937 1031 982 non

37 1013 203 1102 ‘sensisset
223 1029 269 1100 ad
284 1026 550 1126 mingendum,
570 1027 699 1121 sicque
719 1050 804 1096 cum
822 1029 930 1098 urina
945 1054 1033 1126 pro-

43 1151 131 1219 tinus
151 1127 403 1220 vermiculum
418 1199 428 1232 ‚
444 1146 505 1234 vix
520 1143 712 1239 urethram
723 1146 951 1241 ingressum,
965 1146 1035 1244 eje-

40 1266 153 1336 cisset:
171 1263 280 1362 quod
306 1261 537 1358 Ruyschium
560 1263 614 1354 (1)
635 1262 753 1330 miror
776 1287 853 1332 non
874 1266 960 1335 satis
978 1281 1035 1336 at-

41 1382 216 1468 tendisse,
238 1402 326 1452 cum
348 1379 575 1451 vermiculos
598 1381 742 1450 censuit
762 1405 781 1449 e
803 1382 946 1454 latrinis
966 1408 1036 1480 per

42 1498 224 1570 urethram
258 1497 306 1568 ad
338 1498 468 1567 vesicae
501 1521 622 1592 usque
659 1496 798 1567 collum
830 1523 1035 1597 prorepere

43 1641 150 1712 posse,
162 1617 297 1713 ibique
309 1614 449 1684 haerere
462 1613 584 1684 donec
596 1613 849 1709 nympharum
862 1614 1036 1706 formam,

44 1736 125 1829 (qua
142 1737 183 1804 in
207 1757 250 1804 re
270 1733 391 1830 gravis
410 1732 547 1819 altera,
570 1730 794 1802 Vallisuerio
810 1731 871 1829 (2)
887 1735 1034 1830 judice,

47 1874 125 1922 sese
142 1852 278 1947 objicit
294 1847 535 1944 difficultas‚)
556 1848 817 1945 adipiscantur.

87 1995 114 2064 7.
133 1967 236 2060 Quid
247 1969 361 2065 igitur
375 1967 388 2036 Ρ
401 1968 568 2062 inquies,
586 1982 642 2036 tot
655 1967 754 2038 inter
766 1970 935 2066 exempla
946 1986 1041 2067 quot

51 2089 219 2184 Georgius
234 2090 400 2155 Francus
413 2084 450 2181 (3
457 2102 479 2172 j,
492 2085 841 2157 RosinusLentilius
850 2088 916 2181 (4),
927 2089 1039 2160 Mich.

52 2205 97 2271 Fr.
114 2204 337 2276 Lochnerus
349 2200 403 2298 (5)
425 2217 766 2290 connumerarunt,
788 2206 957 2300 quaedam
971 2208 1043 2277 sal-

54 2334 115 2392 tem
135 2347 216 2392 non
237 2303 444 2390 occurrunt
467 2331 550 2416 quae
579 2343 730 2390 omnem
751 2323 915 2393 eximant
934 2325 1044 2397 dubi·

54 2439 218 2512 tationem
231 2438 246 2507 ?
259 2440 344 2509 Non
359 2451 464 2507 vacat
485 2435 632 2532 singula
647 2439 868 2510 examinare.
883 2442 953 2512 Sed
969 2443 1044 2515 hoc

57 2567 163 2627 tamen
184 2577 388 2654 possumus
407 2553 554 2639 dicere,
575 2577 707 2624 eorum
739 2555 847 2652 plura
876 2583 953 2631 esse
983 2587 1044 2633 ea-

57 2670 182 2746 demae
201 2673 264 2744 illa
283 2697 366 2769 quae
387 2687 495 2742 antea
512 2669 659 2742 fuerant
676 2676 885 2770 proposita,
901 2693 937 2748 et
959 2663 1045 2762 cuin

58 2779 165 2862 omnia
181 2791 278 2862 lecta
292 2788 432 2860 fuerint
449 2789 727 2878 aVallisneri0‚
746 2792 869 2886 (erant
886 2798 986 2864 enim
1003 2821 1045 2867 ea

58 2908 233 2980 volumina
262 2906 402 3005 quibus
423 2909 728 2980 enumerationes
751 2909 828 2978 istae
849 2915 1045 2984 commen·

61 3035 127 3112 tur,
144 3026 275 3098 multis
297 3040 382 3096 ante
404 3025 485 3119 ejus
506 3023 654 3094 obitum
677 3026 786 3096 annis
807 3026 922 3116 edita,
943 3047 979 3102 et
1000 3032 1047 3104 ab

61 3138 127 3235 ipso
143 3147 322 3235 versata)
337 3137 512 3212 eumdem
524 3157 650 3214 tamen
668 3143 832 3231 nullum,
843 3147 947 3241 quod
961 3153 1051 3222 scia·
1158 3191 1163 3200 ·

64 3280 152 3348 nus,
170 3261 386 3358 exemplum
401 3260 606 3347 invenisse,
625 3263 892 3358 propterquod
907 3283 1051 3340 senten·
1116 3343 1118 3346 ,

67 3457 1051 3485 ·--------·---·---------

98 3581 133 3662 (1)
152 3588 336 3656 Theseum.
355 3605 367 3640 1
383 3586 414 3640 in
427 3584 478 3642 fin.
525 3595 527 3600 '

125 3681 134 3760 )
153 3688 268 3744 Aduot.
284 3686 335 3742 cit.

156 3787 230 3860 Eph.
244 3781 282 3841 N.
297 3785 332 3840 C.
346 3785 409 3840 dec.
423 3785 457 3854 3,
476 3787 512 3840 Α.
527 3793 561 3854 4,
576 3786 642 3842 obs:
656 3804 683 3840 a.

99 3682 123 3762 (a

100 3783 138 3862 (3)

101 3881 138 3960 (t)
156 3885 295 3942 Earumd.
313 3895 389 3940 cent.
406 3902 419 3940 1
434 3895 463 3940 et
476 3902 510 3954 a,
528 3885 657 3958 append.
667 3905 699 3942 n.
716 3903 749 3944 11
764 3886 803 3943 ad
814 3887 879 3943 obs.
895 3895 940 3957 14.

104 3981 141 4058 (Β)
159 3985 298 4042 Earumd.
314 3995 392 4040 cent.
407 3983 445 4053 8,
461 3985 525 4041 obs.
540 4002 590 4058 99.
