2814 4674
117 455 180 516 cn.
201 459 259 506 111.
287 459 335 506 nr
361 459 497 508 nosris
516 455 689 524 vaurms,
713 459 824 508 narse.
852 463 974 510 xxxix.
1024 435 1071 529 45

75 549 401 672 ficile'propagari.
422 573 524 664 Quin
544 571 716 646 dolorem
734 575 845 646 etiam
871 577 938 673 qui
961 601 1076 650 manu

77 691 302 787 premendo,
330 705 395 762 aut
420 690 554 764 saltem
586 693 653 787 qui
685 691 906 764 vexantibus
926 691 1075 766 flatibus

75 806 122 878 ibi
137 803 281 896 fiebat‚(
296 806 499 881 dilucidius
514 807 692 906 intelligi,
712 809 743 880 si
762 824 952 880 tumorem
964 809 1011 882 ad
1022 811 1077 908 ip·

74 948 109 996 sa
120 927 303 998 intestina
322 925 481 998 attinere
499 925 785 1020 conjiceremus.
806 930 1076 1000 Verumtamen

73 1065 145 1112 non
161 1041 245 1114 haec
261 1067 283 1114 a
304 1067 366 1112 me
385 1041 479 1130 dici,
494 1043 601 1139 quasi
615 1041 775 1135 aliorum
790 1046 1078 1116 sententiaecon·

71 1158 253 1252 jacturam
265 1157 481 1258 praeferrem
493 1183 615 1230 meam
627 1184 742 1256 quam
753 1160 923 1231 omnium
930 1160 1075 1256 judicio

74 1273 319 1372 subjicerem,
351 1275 447 1346 nihil
475 1277 624 1372 ipse.ut
647 1277 688 1346 in
716 1301 757 1347 re
784 1276 901 1348 ardua
930 1292 966 1348 et
988 1303 1076 1376 per-

75 1391 232 1466 obscura
246 1391 448 1480 definiens‚
462 1392 624 1490 ideoque
645 1418 717 1466 nec
729 1393 838 1491 quod
857 1395 938 1466 aliis
953 1395 1078 1468 visum
1190 1381 1196 1388 ’

77 1527 166 1582 esset
185 1527 447 1584 contemnens.
468 1513 563 1582 Nam
583 1511 653 1582 etsi
676 1535 834 1608 magnos
857 1513 897 1583 in
922 1527 1077 1584 omento

77 1641 241 1702 tumores
257 1631 338 1702 sine
357 1629 499 1701 doloris
512 1621 872 1700 commemoratione
888 1630 1011 1727 legere
1023 1632 1079 1728 (1)

79 1748 373 1835 consuevissem,
389 1749 466 1816 imo
480 1746 519 1816 in
534 1745 671 1818 medici
685 1770 820 1832 uxore,
831 1747 911 1818 aliis
922 1771 1079 1818 consen·

79 1862 271 1951 tientibus,
283 1865 519 1962 agnovissem
533 1864 677 1960 optime
692 1865 832 1936 nutrita
847 1879 884 1936 et
899 1865 1077 1954 colorata,
1135 1905 1147 1918 ·

82 1984 278 2079 omnisque
296 1979 534 2056 incommodi
555 1979 716 2070 nedum,
732 1983 762 2052 si
779 2007 990 2078 premeres,
1008 1985 1078 2056 do-

81 2095 164 2172 loris
186 2115 366 2198 experte;
385 2121 494 2195 posse
521 2112 647 2170 tamen
671 2098 875 2197 aliquando
893 2125 972 2172 esse
987 2103 1079 2198 ejus·

82 2215 235 2288 modiin
254 2230 411 2286 omento
430 2215 591 2286 tumoris
618 2229 814 2304 naturam,
836 2216 1012 2288 duritiem
1022 2234 1079 2313 ,et

83 2328 256 2422 formam,
274 2349 316 2404 ut
335 2330 567 2430 premend0,
582 2347 647 2403 aut
665 2333 705 2402 iu
724 2333 806 2430 ipso
822 2349 885 2406 aut
901 2335 941 2404 in
957 2338 1080 2407 conti·
1159 2394 1165 2400 .

85 2452 158 2546 guis
186 2449 362 2548 partibus
385 2449 496 2520 dolor
524 2449 734 2532 excitetur:
757 2475 833 2547 qua
862 2451 972 2524 dere
1000 2478 1079 2524 non

85 2565 268 2638 dubitasse
284 2566 419 2636 scirem
439 2564 690 2645 virosdoctos
711 2566 775 2664 (a).
800 2571 855 2638 De
874 2568 1081 2665 grandibus

85 2701 200 2756 autem
224 2683 442 2756 mesenterii
466 2681 698 2772 tumoribus,
727 2683 831 2780 quod
857 2684 1019 2758 detrusis
1033 2685 1082 2757 ad

86 2801 193 2874 latera
212 2801 420 2888 intestinis5
437 2814 474 2871 et
490 2816 645 2871 omento
665 2799 812 2873 subsint
834 2804 904 2899 ipsi
918 2805 1082 2874 anterio-

9 2959 10 2968 .
87 2919 185 2991 ribus
201 2919 344 2990 ventris
358 2916 584 3014 parietibus,
600 2917 747 3013 hosque
765 2921 986 3017 contingant
1003 2943 1082 2990 nou

87 3060 156 3107 uua
178 3061 288 3136 posse
311 3034 545 3106 medicorum
567 3049 604 3105 et
628 3039 926 3108 anatomicorum
953 3037 1085 3111 obser-

9 3227 10 3246 2
88 3155 227 3242 vatione
240 3152 296 3252 (3)
313 3149 539 3224 confirmari.
555 3155 673 3224 Porro
683 3155 813 3250 augeri
826 3151 1083 3228 difficultatem

123 3434 163 3516 (ι)
182 3439 491 3514 Warthon.adenogr.
503 3457 528 3494 c.
546 3457 591 3493 ra.
602 3437 670 3494 Vid.
679 3435 768 3493 etiam
776 3437 836 3493 suis
849 3437 922 3493 locis
929 3437 1085 3512 plerasque

90 3535 196 3594 observ.
208 3528 353 3595 indicalas
362 3539 394 3594 in
405 3535 460 3594 lmc
470 3539 625 3612 Sepulchr.
638 3549 709 3593 sect.
726 3556 759 3594 21
776 3538 840 3593 sub.
855 3537 918 3592 obs.
936 3537 971 3593 33
981 3557 989 3607 3
1001 3537 1087 3592 item·

93 3638 188 3711 quein
203 3639 336 3695 additam
349 3639 423 3694 .obs.
439 3639 491 3710 73,
507 3639 544 3694 30
553 3678 562 3708 ,
576 3636 614 3694 85
629 3649 657 3692 et
670 3636 718 3694 88.
980 3673 983 3682 ψ

127 3733 167 3813 (a)
187 3738 255 3794 Vid.
271 3739 342 3794 sect.
355 3739 445 3806 modo
460 3737 510 3794 cit.
524 3733 617 3792 schol.
631 3736 670 3792 ad
681 3736 746 3791 obs.
763 3733 818 3806 54,
838 3745 867 3791 et
879 3734 910 3789 in
920 3733 1012 3790 addit.
1025 3733 1088 3789 obs.

96 3833 211 3894 lovers.
227 3836 281 3892 fin.

126 3933 164 4014 (3)
185 3937 255 3993 Vid.
274 3935 373 3993 Riser.
390 3940 475 3993 Prax.
492 3937 570 3992 med.
591 3937 611 3990 l.
631 3936 682 4005 13,
701 3953 726 3990 c.
745 3933 772 3990 5.
789 3919 945 3994 Whartbn.
961 3931 981 3988 l.
1004 3929 1053 3988 cit.
1068 3951 1094 3988 c.

100 4051 139 4090 11.
153 4037 278 4096 Scultet.
291 4039 423 4094 Arnum.
437 4034 512 4092 ebir.
526 4035 591 4094 obs.
603 4033 641 4091 6²
654 4045 682 4091 et
696 4043 756 4090 caet.
1089 4036 1093 4047 “
