2814 4674
223 415 244 486 8
389 435 434 480 nn
459 432 603 482 scurrus
627 434 671 478 sa
696 432 820 480 causis
844 433 1051 482 atoaaoauu

222 549 315 626 Mihi
328 550 528 646 igiturnon
539 543 581 616 fit
593 544 814 633 verisimile,
830 569 1026 641 nunquam
1037 570 1057 616 a
1067 547 1223 643 coquis,

221 693 242 742 a
262 658 393 753 laniis,
413 689 432 734 a
452 663 666 734 victimariis
681 661 799 734 ullum
816 664 854 734 in
869 663 1225 744 mesenteriotumoz

220 809 300 860 rem
321 780 618 853 animadversum
642 795 678 851 et
695 779 852 860 medicis
870 777 982 852 luisse
1008 795 1228 868 ostensum,

223 925 306 974 cum
324 899 508 987 Galenus,
523 914 564 970 ut
576 896 806 994 alias(r)tibi
818 899 1121 985 commemoravi,
1134 897 1224 969 skir-

221 1018 378 1114 rhosum
413 1017 510 1088 circa
532 1040 598 1088 cor
618 1031 804 1088 tumorem
834 1016 873 1086 in
893 1014 1000 1112 gallo
1020 1015 1230 1116 inspexisse,

221 1135 383 1222 videam,
397 1151 433 1206 et
447 1134 493 1206 ad
509 1134 682 1206 homines
701 1132 943 1206 transtulisse.
954 1131 1146 1206 Crederim
1159 1157 1229 1230 po-2

224 1256 319 1340 tius,
340 1278 421 1351 quae
440 1255 478 1324 in
508 1253 604 1324 libro
619 1253 746 1350 aliquo
762 1252 875 1349 prisci
895 1250 1030 1322 medici
1052 1275 1095 1322 ea
1117 1250 1225 1321 dere

224 1371 433 1468 attigerint,
455 1368 569 1466 longo
596 1385 794 1467 tempore,
818 1383 937 1440 uttot.
957 1367 1048 1453 alia,
1074 1368 1226 1440 interci-

224 1489 332 1582 disse.
346 1490 439 1560 Nam
455 1487 485 1560 si
501 1487 621 1558 lulius
635 1486 788 1574 Pollux,
803 1501 846 1558 ut
866 1485 939 1584 legi
962 1485 1062 1582 apud
1083 1490 1227 1583 Ingras-

226 1606 315 1678 siam
335 1605 412 1702 (2),
430 1610 528 1676 circa
544 1609 799 1684 mesenterium
827 1609 939 1674 etiam
961 1619 1123 1674 strumas
1131 1605 1229 1698 fieri

228 1722 345 1796 voluit
352 1749 365 1808 ,·
383 1738 482 1794 certe
501 1738 564 1796 aut
583 1746 602 1792 a
619 1721 766 1794 medico
784 1721 910 1818 aliquo
926 1721 1005 1818 ipse
1019 1719 1229 1817 grammati·
1307 1804 1316 1822 ι
1391 1716 1393 1776 ἶ

227 1863 293 1910 eus
313 1838 347 1908 id
371 1840 588 1937 sumpserit3
609 1853 672 1912 ant
692 1840 722 1910 si
748 1837 843 1909 forte
862 1861 929 1934 per
952 1861 990 1909 se
1013 1836 1127 1924 vidit,
1145 1860 1228 1908 cre·
1266 1879 1271 1890 ·

244 1953 476 2027 diludifficile
495 1971 551 2026 est
571 1957 852 2052 agrammatico
872 1953 1085 2028 admonitos
1110 1955 1228 2028 medi-

228 2098 304 2159 cos,
319 2073 550 2170 quicumque
565 2071 613 2141 ab
630 2072 756 2144 saeculi
768 2077 802 2144 II
821 2071 898 2144 fine
916 2071 963 2144 ad
979 2076 1063 2144 XVI
1076 2073 1225 2144 initium

232 2191 482 2287 scripserunt3
500 2189 709 2262 Commodo
727 2192 827 2264 enim
853 2192 1076 2288 imperante,
1096 2205 1143 2262 ut
1154 2195 1228 2262 Ga-

113 2340 122 2358 ι
230 2307 375 2393 lenum,
390 2310 440 2377 ita
463 2322 500 2378 et
523 2305 711 2378 Pollucem
729 2308 861 2382 vixisse
875 2309 998 2397 aiunt,
1013 2307 1160 2380 nullum
1180 2307 1228 2379 de

234 2423 419 2518 ejusmodi
437 2425 650 2495 mesenterii
668 2422 809 2496 morbis
830 2424 984 2498 verbum
996 2415 1145 2498 lenisse.

279 2566 310 2637 7.
330 2541 553 2612 Benivenius
571 2539 629 2638 (3)
648 2542 763 2640 igitur
781 2541 917 2614 callum
935 2542 1098 2640 (durum
1112 2557 1231 2614 tumo-

231 2682 311 2728 rem
331 2656 525 2754 intelligo)
543 2659 641 2730 inter
653 2682 765 2730 venas
782 2661 1002 2744 mesaraicas
1013 2661 1122 2758 pueri
1131 2661 1244 2732 inve-1
1279 2735 1283 2742 ,

232 2775 311 2864 nit,
337 2799 397 2846 eas
419 2775 627 2872 premendo
654 2775 924 2848 obstruentem.
946 2779 1148 2874 Ingrassias
1164 2803 1246 2850 aum

229 2906 305 2962 tem
333 2893 396 2990 (4)
423 2893 461 2964 in
490 2894 587 2990 nigri
611 2892 814 2991 suspendio
834 2895 978 2992 puniti,
1006 2897 1247 2973 mesenterio-

232 3023 392 3080 strumas
410 3009 558 3081 circiter
575 3012 808 3107 septuaginta
824 3008 1002 3100 offendit,
1016 3028 1150 3109 praeter
1168 3029 1229 3085 to-'

228 3124 345 3196 tidem
360 3122 476 3196 ferme
489 3128 804 3214 tumores-extimo
817 3128 1081 3203 intestinorum
1095 3139 1231 3202 tunicae

116 3280 120 3292 ‹
230 3241 477 3332 adhaerentes,
490 3267 650 3339 quorum
666 3245 704 3314 in
717 3259 909 3328 tumorum
922 3262 1085 3344 utroque
1094 3272 1230 3344 genere
1242 3293 1263 3314 1.

232 3382 317 3430 cum
338 3358 399 3428 alii
420 3359 550 3431 ciceris
566 3363 766 3456 parvitate,
787 3362 848 3432 alii
868 3365 928 3434 ovi
946 3363 1141 3461 gallinacei
1156 3389 1232 3435 ma-

301 3653 429 3734 )·Episr.
451 3654 501 3726 16,
515 3675 545 3710 n.
561 3673 609 3711 ao.

302 3755 313 3829 )
335 3755 379 3809 De
392 3764 500 3809 tumor.
514 3765 552 3810 tr.
571 3773 601 3824 1,
616 3775 641 3810 c.
659 3774 691 3828 1,
707 3775 813 3813 comm.
828 3775 854 3814 a.

301 3850 311 3930 )
333 3855 377 3908 De
395 3853 487 3909 addit.
499 3853 597 3911 morb.
612 3855 724 3926 causis,
739 3867 794 3914 etc.
807 3877 833 3914 c.
847 3856 894 3930 37.

269 3655 296 3736 (r

269 3755 299 3831 (a

269 3853 299 3933 (3

265 3951 311 4033 (4)
330 3953 444 4013 Coram.
461 3952 510 4009 cit.
