2746 4674
265 482 331 555 150
432 499 478 552 nn
504 498 648 552 snnmus
674 500 717 550 nr
743 501 865 551 causts
891 493 1099 553 uonnotmu

261 621 422 690 multum
441 619 592 705 ederet,
609 633 813 715 tumorque
832 619 1085 706 incresceret;
1099 617 1102 627 ’
1116 597 1264 690 chirur-

262 761 330 835 gus
346 736 645 834 imperitissimus
660 758 771 807 ausus
786 751 841 807 est
856 735 968 834 lunge
994 733 1092 807 aliud
1114 759 1157 806 ac
1176 733 1265 808 vat-

144 919 171 938 ,,
261 857 434 927 iisnerius
456 855 620 952 opinari,
640 861 676 924 et
697 868 774 924 non
800 853 916 925 inodo
942 867 1023 952 quat
1047 867 1117 953 pus
1135 877 1269 924 move-

260 981 345 1041 rent
357 973 570 1068 imponere,
589 985 720 1042 rerum
742 972 852 1042 etiam
871 987 955 1042 eum
970 969 1017 1041 ab
1035 967 1172 1041 horum
1193 983 1267 1042 usu

261 1090 389 1160 vesica
408 1103 445 1158 et
459 1089 562 1159 rimae
579 1089 616 1158 in
635 1087 753 1159 lumbi
770 1100 855 1159 cute
873 1085 1150 1186 apparuissent,
1166 1083 1266 1158 hanc

263 1206 441 1278 incidere.
465 1209 585 1296 Quam
608 1207 828 1276 incisionem
851 1206 1021 1303 proxima
1044 1217 1156 1276 nocte
1177 1229 1268 1276 eon·

261 1335 388 1397 secuta
407 1337 463 1394 est
484 1324 640 1393 tumoris
662 1322 869 1420 disruptio,
896 1321 994 1394 banc
1019 1337 1144 1394 autern
1164 1317 1269 1420 larga

261 1441 453 1539 sanguinis
471 1439 663 1544 profusio,
679 1445 715 1510 et
733 1438 831 1510 banc
850 1441 986 1510 virium
1003 1435 1265 1536 vocisqut'de-

262 1559 373 1632 sectio
388 1585 397 1648 3
415 1575 457 1629 ut
482 1561 579 1629 intra
599 1557 702 1628 horte
723 1557 970 1655 quadrantem
989 1578 1009 1628 a
1028 1557 1267 1656 disruptione

263 1679 337 1750 'vita
361 1677 523 1748 desierit.
555 1673 758 1761 Postridie,
780 1675 845 1772 qui
867 1673 946 1746 dies
970 1672 1040 1746 fuit
1062 1674 1174 1745 nonis
1197 1693 1267 1745 no-

262 1794 482 1866 vembribus
500 1793 590 1863 anni
614 1817 723 1889 1720,
743 1791 820 1862 haec
844 1792 937 1862 mihi
954 1794 1118 1863 narravit
1134 1791 1269 1863 valtis-

265 1915 411 1999 nerius,
439 1911 620 2008 petiitque
642 1923 685 1979 ut
712 1927 838 1980 secum
867 1909 1084 1981 dissectioni
1113 1932 1270 2006 praeesse

264 2030 421 2114 veliem,
448 2049 529 2124 quae
553 2047 573 2094 a
597 2025 736 2122 Vulpio
765 2041 895 2097 nostro
921 2041 976 2097 est
1000 2025 1268 2098 administrata.

266 2145 478 2216 Abdomiue
497 2141 671 2230 diducto,
694 2143 733 2212 in
760 2158 1005 2241 conspectum
1031 2143 1134 2214 venit
1159 2165 1273 2214 aneu·

265 2272 409 2360 rysma,
428 2282 506 2357 quo
536 2259 654 2356 majus
679 2277 875 2358 nunquam
902 2259 989 2330 vidi.
1016 2261 1108 2330 Nam
1129 2259 1273 2332 ventris
1368 2287 1369 2290 ¹

264 2397 385 2448 caveat
406 2376 602 2448 dimidium
615 2375 731 2447 ferme
745 2376 956 2475 occupabat
969 2377 1177 2448 secundum
1193 2373 1274 2448 lon·

267 2496 473 2594 gitudinem
493 2495 616 2565 situm.
629 2491 685 2565 Ab
705 2493 987 2592 diaphragmate
1006 2495 1106 2564 enim
1129 2493 1176 2564 nd
1197 2495 1274 2592 pel·

267 2614 343 2682 tim
362 2635 400 2682 se
414 2612 639 2699 extendens,
661 2608 858 2683 obtinebat
878 2627 1060 2709 quantum
1085 2612 1195 2709 spatii
1218 2621 1274 2684 est

267 2731 314 2800 ab
336 2731 450 2801 iatere
477 2749 596 2826 usque
626 2731 781 2801 dextero
804 2729 1062 2800 vertebrarum
1085 2723 1131 2800 ud
1162 2731 1273 2802 sinis·-

267 2865 366 2918 trum
388 2847 541 2917 distenti
557 2846 770 2918 abdominis
786 2847 901 2935 latus,
916 2847 1030 2932 liene,
1045 2847 1272 2933 ventricu10,

266 2965 736 3052 intestinis,·mesenterio‚
753 2967 859 3036 vena*
876 2987 981 3051 cava,
1007 2983 1096 3036 rene
1119 2963 1272 3035 sinistro

266 3083 506 3152 'dextrorsum
530 3081 625 3152 ddeo
643 3081 866 3178 compulsis,
886 3093 927 3151 ut
944 3082 974 3152 is
995 3097 1063 3150 ren
1083 3079 1130 3150 ad
1146 3082 1274 3179 regio-

265 3225 354 3271 nem
370 3213 464 3271 esset
488 3199 751 3270 umbilicaiem.
770 3198 902 3296 Figura
929 3217 1151 3296 aneurysma
1180 3216 1273 3272 tunc

267 3335 346 3389 erat
362 3318 479 3404 ovaii,
498 3341 583 3417 cum
600 3317 781 3413 sanguine
797 3308 1012 3413 oppletum,
1024 3314 1130 3388 iaciie
1144 3315 1274 3390 fuisset

266 3430 527 3532 sphaeroidaea3
554 3427 719 3530 piurimo
736 3447 861 3504 tamen
882 3433 1073 3504 etiamtum
1090 3436 1273 3533 sanguine

266 3567 344 3624 erat
361 3551 539 3638 sanctum,
565 3545 811 3622 circumcirca
827 3551 867 3620 in
888 3552 1047 3622 cortices
1068 3550 1275 3648 polypusus

267 3687 445 3742 concreto
459 3724 468 3757 ‚
487 3669 535 3739 ad
546 3667 712 3739 medium
723 3657 906 3740 hactenus
919 3684 1118 3764 grumoso,
1136 3679 1178 3740 ut
1192 3670 1273 3766 pul·

262 3806 340 3861 tem
351 3788 518 3858 reterret.
539 3787 631 3877 Qui,
645 3801 844 3884 postquam
864 3787 987 3857 omnis
1007 3784 1195 3857 detractus
1206 3801 1273 3874 est,

265 3923 346 3979 tum
365 3926 455 3975 vero
469 3903 547 3975 haec
561 3905 903 3978 animadvertimus.
925 3909 1038 3976 Aorta
1053 3905 1188 3979 arteria
1199 3919 1273 4002 qua

264 4027 488 4094 inventrem
511 4023 672 4121 primurn
688 4021 950 4120 perveniebat,
964 4040 1050 4092 cum
1074 4019 1125 4091 ibi
1146 4023 1272 4092 statim
