2740 4670
149 455 215 501 mu.
242 453 298 500 111.
326 452 373 498 nn
398 448 534 501 uoluam
553 450 722 516 vaurms,
747 454 861 500 rr1sr.
888 457 974 502 xcii.
1004 433 1073 508 333
1153 485 1156 492 ·

81 568 552 656 vulsionesinterenoerant,
561 563 736 662 obliquas
746 569 884 664 pariter
893 571 1075 665 quasdam

83 687 180 784 quasi
203 709 358 756 carneas
380 683 536 776 fibrillas
564 686 604 754 in
626 685 689 754 illa
714 685 876 772 urethrae
900 687 986 760 sede
1010 689 1076 760 uhi

84 803 255 874 catheteri
273 801 507 874 obstaculum
537 801 691 899 aliquod
718 827 756 873 se
788 801 952 898 objicere
978 807 1077 878 sole·

82 921 277 1026 bathnc',
296 921 327 993 si
346 945 433 992 cum
449 920 548 992 linea
563 919 637 1006 illa,
656 943 769 1016 quam
785 921 899 1018 paulo
917 924 1074 1022 ante(1)

83 1037 208 1110 factam
231 1038 307 1109 dixi
336 1063 381 1108 ex
405 1037 511 1108 tenui
534 1035 756 1110 luxuriantis
780 1042 902 1114 carnis
931 1066 1077 1114 excres-

83 1157 214 1244 centia,
232 1157 299 1226 has
318 1157 425 1253 quasi
441 1177 594 1254 carneas
607 1151 784 1242 fibrillas,
799 1172 835 1227 et
848 1154 961 1230 fibras
975 1159 1077 1248 illas,

81 1299 161 1347 cum
177 1273 313 1344 harum
335 1288 461 1357 autem
480 1274 649 1370 utrisque
667 1287 852 1346 exstantes
877 1275 993 1350 lineas
1011 1301 1077 1375 pa-

78 1395 165 1464 riter
187 1390 359 1490 obliquas
374 1389 578 1462 contuleris
594 1416 604 1476 ;
625 1388 780 1462 fortasse
800 1416 949 1464 mecum
965 1395 1081 1492 suspi-

78 1510 235 1598 caberis,
260 1509 370 1580 certis
399 1505 629 1604 quibusdam
654 1505 1079 1583 urethraeerosionibus

78 1627 344 1701 excrescentias
358 1623 539 1722 quasdam
556 1639 688 1721 tenues
705 1650 784 1698 non
797 1628 982 1700 rarissime
997 1654 1078 1706 suc·
1154 1709 1160 1719 ,

78 1747 208 1818 cedere
220 1769 326 1842 ,quae
340 1757 539 1816 contractae
553 1738 668 1814 fibras
677 1744 862 1839 primum,
877 1742 1078 1826 fibrillasve

79 1854 249 1950 carneas,
281 1861 399 1958 magis
423 1875 564 1946 autem,
586 1861 779 1957 magisque
804 1862 945 1934 siccatae
973 1845 1113 1933 deni-³

78 2007 151 2078 que
170 1976 364 2068 subalbas,
378 1975 555 2050 nonnihil
572 1991 756 2050 exstantes
767 1978 883 2051 lineas
900 1977 1078 2053 referant:

78 2095 191 2170 fuisse
224 2097 338 2196 igitur
363 2119 423 2168 me
444 2095 576 2193 saepius
599 2093 786 2189 ejusmodi
813 2099 1082 2188 excrescentias

78 2218 264 2300 visurum,
288 2215 320 2284 si
348 2211 439 2285 dum
455 2211 642 2286 recentius
667 2228 761 2282 esset
791 2215 947 2301 malum,
966 2216 1086 2314 inspi-

80 2357 165 2405 cere
196 2331 431 2428 potuissem.⁴
452 2329 549 2399 Fieri
580 2343 706 2399 tamen
734 2332 845 2402 etiam
869 2331 1014 2430 potest,
1044 2350 1084 2406 ut

79 2447 404 2548 quemadmodum
424 2444 619 2538 urethram
646 2471 725 2519 non
749 2451 864 2520 semel
891 2451 967 2520 vidi
988 2453 1085 2523 cica-

79 2570 274 2652 tricosam,
288 2581 324 2638 et
336 2561 634 2636 manifestissime
651 2581 895 2653 coarctatam,
906 2569 956 2638 ita
968 2567 1084 2642 lineas

79 2685 191 2758 etiam
212 2683 292 2754 illas
312 2682 446 2754 eodem
464 2705 616 2754 censeas
635 2683 803 2752 attinere.

127 2809 188 2892 4²·
209 2800 413 2872 Muliebres
433 2815 560 2871 autem
570 2798 759 2884 urethras,
780 2802 848 2871 etsi
868 2824 946 2876 non
963 2805 1086 2901 saepis-

81 2922 195 3007 sime,
211 2933 252 2990 ut
267 2917 414 3006 viriles,
436 2941 530 3014 saepe
550 2933 677 2987 tamen
696 2918 816 3005 secui,
837 2934 873 2988 et
889 2917 1088 3018 diligenter

80 3038 317 3137 perlustravi.
339 3040 470 3133 Neque
495 3032 620 3126 adhuc
642 3031 734 3130 (nisi
752 3032 847 3120 sorte
869 3061 1004 3123 unam,
1041 3039 1088 3110 de

82 3181 158 3254 qua
179 3179 268 3225 mox
286 3151 424 3238 dicam,
441 3151 533 3223 velis
548 3150 734 3248 excipere)
757 3153 796 3220 in
822 3152 937 3224 ullam
952 3156 1088 3245 incidi,

83 3299 166 3372 quae
196 3271 414 3358 cicatrices,
446 3268 587 3340 nedum
617 3275 886 3340 excrescentias
911 3268 1087 3345 haberet:

83 3415 154 3464 nec
174 3390 318 3458 mirum
341 3389 379 3457 in
403 3385 595 3485 perbrevi,
626 3387 826 3481 minusque
847 3404 1006 3485 angusto
1036 3416 1091 3462 ca*
1130 3410 1135 3423 ¹

85 3508 177 3596 nali,
211 3507 251 3575 in
272 3527 387 3602 quem
407 3526 532 3599 neque
565 3516 621 3572 tot
645 3503 710 3599 qui
743 3502 899 3575 erodere
923 3495 1106 3610 possint,¹

84 3625 266 3696 humores
284 3619 462 3706 inlluant,
492 3642 616 3716 neque
640 3619 767 3705 ullus,
801 3620 943 3692 nedum
966 3638 1090 3698 tantus

128 4001 172 4076 (ι)
192 3995 228 4056 N.
253 4000 299 4072 39.

207 4167 210 4174 .

352 4238 356 4248 ’
370 4247 379 4262 ο
