2810 4668
307 405 378 480 580
469 433 515 478 nn
543 429 690 478 sturnus
715 430 760 476 nr
784 426 910 476 causis
935 427 1147 476 moruorum

305 571 384 642 quo
397 545 496 616 nihil
511 543 574 616 hic
591 544 724 615 attinet
740 541 885 631 dicere,
909 557 948 614 et
964 543 1198 639 generationi
1215 541 1313 612 attri-

304 662 415 734 butas
434 677 559 758 partes
576 659 718 731 ibidem
736 658 871 730 eodem
895 683 997 730 anno
1026 660 1125 730 circa
1146 657 1312 728 medium

305 777 543 852 decembrem
572 775 798 862 ostendens,
820 777 859 846 in
889 775 947 848 his
977 775 1148 872 quaedam
1170 772 1310 846 offendi

305 922 384 968 non
411 896 566 992 indigna
583 919 664 990 quae
687 891 763 964 huc
787 892 1007 964 referantur.
1037 898 1067 964 A
1090 893 1258 964 naturali
1273 907 1312 962 ut

303 1014 499 1110 incipiam,
518 1013 570 1082 in
585 1035 662 1107 quo
688 1009 822 1082 illaesus
843 1009 983 1107 hymen
1008 1008 1186 1082 feminam
1213 1009 1312 1080 banc

304 1129 489 1226 virginem
515 1125 627 1198 fuisse
646 1126 937 1216 demonstravit3
958 1125 1207 1198 subrubentia
1238 1125 1312 1197 albi

305 1229 474 1342 alioquin
502 1245 738 1318 semilunaris
753 1182 952 1341 hymenis'⁸
944 1269 1086 1316 cornua
1106 1243 1154 1314 ad
1176 1243 1315 1316 ruben-

304 1378 382 1437 tem
395 1362 596 1460 quemdam
610 1385 717 1459 quasr
707 1362 915 1434 annulum
929 1361 1200 1460 perveniebant
1214 1417 1225 1450 ‚
1238 1387 1313 1460 quo

305 1497 457 1556 tumens
474 1481 636 1552 urethrae
652 1479 738 1552 finis
751 1480 984 1577 cingebatur.
1003 1479 1311 1552 Urethraeautem

306 1599 488 1687 alterum,
510 1597 616 1696 quod
647 1596 694 1667 ad
722 1599 882 1668 vesicam
911 1613 1076 1696 spectat,
1100 1596 1313 1686 orificium,

308 1732 345 1789 et
360 1718 531 1815 proxima
554 1715 625 1811 ipsi
645 1711 806 1802 urethrae
822 1715 953 1786 intima
969 1712 1080 1786 facies
1095 1715 1234 1812 nigriS,
1253 1741 1314 1814 pa·

306 1835 465 1918 rabelis,
490 1831 638 1919 crassis,
673 1830 904 1903 exstantibus
932 1831 1061 1918 lineis,
1098 1831 1311 1904 secundum
1396 1895 1397 1924 ζ

303 1950 583 2050 longitudinem
597 1948 916 2046 distinguebatur,
932 1939 1015 2046 quae‘
1030 1949 1177 2020 vascula
1203 1967 1314 2022 erant
1396 1991 1397 2016 ι

306 2069 480 2143 videlicet
501 2067 682 2164 sanguine
702 2065 874 2156 distenta.
895 2066 1099 2164 Vaginam,
1119 2067 1312 2155 osculum,

253 2271 257 2280 .
308 2201 345 2258 et
366 2185 550 2256 cervicem
570 2183 668 2254 uteri
683 2184 764 2280 ipsa
784 2183 937 2280 quidem
958 2209 1038 2254 non
1059 2208 1167 2256 secus
1180 2209 1226 2256 ae
1243 2212 1312 2284 par

307 2317 420 2389 esset,
433 2301 560 2370 inveni
568 2324 606 2371 se
617 2298 805 2372 babentia.
818 2303 923 2372 Uteri
933 2319 1058 2374 autem
1068 2299 1209 2376 fundus
1223 2329 1311 2376 cum

306 2418 571 2520 protuberaret
584 2417 778 2515 aliquanto
792 2421 908 2516 magis
920 2445 1034 2515 quam
1050 2419 1167 2510 solet,
1181 2447 1308 2521 neque
1395 2405 1396 2410 Ἰ

305 2537 419 2645 hujus
436 2537 490 2608 rei
508 2560 657 2608 causam
676 2537 716 2606 in
741 2531 965 2634 parietibus,
986 2538 1051 2636 qui
1080 2539 1160 2609 sani
1179 2557 1308 2630 erant,

304 2656 533 2753 reperirem3
549 2655 589 2724 in
610 2678 719 2725 cavea
737 2655 879 2752 reperi,
897 2656 958 2726 cui
970 2670 1045 2726 tres
1059 2657 1311 2730 innataeerant

304 2776 572 2847 excrescentia.
594 2776 735 2856 Harum
755 2775 914 2862 maxima
933 2771 1045 2870 paulo
1064 2775 1206 2846 minori
1232 2792 1310 2848 erat

304 2889 448 2965 ambitu
465 2914 579 2988 quarn
617 2889 754 2986 unguis
783 2889 889 2986 digiti
911 2888 1072 2987 pollicis,
1104 2917 1176 2963 nec
1202 2893 1309 2964 valde

304 3033 445 3096 crassa,
464 3006 633 3104 undique
652 3006 773 3078 soluta
784 3061 793 3095 ,
806 3007 959 3103 nisiqua
975 3033 1043 3104 per
1059 3033 1138 3080 non
1156 3026 1308 3082 tenuem

303 3124 561 3224 pedunculum
583 3149 674 3195 eum
698 3149 847 3196 summo
870 3149 987 3196 caveae
1011 3127 1164 3198 sinistro
1195 3129 1306 3200 latere

303 3241 632 3316 committebatur:
650 3241 752 3313 intus
773 3257 952 3340 extraque
976 3268 1111 3342 magua
1131 3256 1176 3316 ex'
1204 3263 1305 3344 parte
1392 3303 1393 3344 ι

303 3377 456 3435 eruenta
483 3360 578 3430 adeo
598 3373 640 3430 ut
658 3359 882 3455 nigricaret:
913 3361 1025 3457 paulo
1050 3362 1177 3433 minus
1199 3364 1304 3453 dura,

304 3505 416 3576 quam
449 3453 634 3576 parietum
659 3477 757 3546 uteri
791 3476 1005 3548 substantia.
1032 3479 1089 3549 Ad
1117 3505 1304 3552 summum

304 3620 460 3692 quoque
484 3595 702 3691 oppositum
727 3592 823 3664 latus
841 3619 908 3690 par
927 3609 1005 3664 erat
1024 3597 1185 3692 nigredo
1203 3627 1213 3686 ;
1244 3600 1304 3672 sed
1391 3655 1392 3682 ι

302 3712 408 3784 nulla
436 3710 489 3781 ibi
522 3711 782 3782 excrescentia.
821 3715 907 3781 Erat
934 3726 1058 3783 autem
1095 3714 1213 3786 altera
1244 3718 1305 3787 ali·

214 3909 216 3916 Ι
302 3844 447 3928 quanto
466 3823 563 3898 insta
582 3851 668 3898 eum
681 3827 806 3898 locum
819 3829 1037 3918 intervallo,
1051 3829 1302 3934 subrotunda,
1390 3891 1391 3904 ,

290 3947 523 4048 mediocris,
541 3944 710 4041 ejusdem
724 3943 843 4018 'ferme
855 3971 898 4019 ac
910 3949 1050 4051 prima,
1070 3964 1226 4023 naturae,
1240 3952 1303 4024 Mi.
