2810 4668
292 415 362 504 '582
457 455 503 502 nr
530 451 676 504 sturnus
701 453 746 500 m
771 451 896 502 nausis
921 451 1130 500 notrorum

191 657 194 666 ³
288 553 484 664 nunquam
513 566 662 652 inveni3
683 565 796 664 longe
816 564 945 662 plures
969 579 1096 637 tamen
1120 562 1230 638 fuisse
1249 561 1293 634 fa-

288 701 385 770 teor,
414 686 453 756 in
479 683 619 781 quibus
646 705 731 754 cum
757 684 926 754 occlusas
945 683 1070 778 primo
1089 683 1292 756 tentamine

287 803 578 888 existimassem,
595 815 678 896 post
693 800 965 872 accuratiorem
982 799 1291 900 perquisitionem

285 945 416 992 revera
452 917 564 992 fuisse
600 918 771 1013 pervias,
812 916 1083 1007 animadverti,
1123 932 1162 992 et
1192 916 1290 1018 quod

286 1039 326 1108 in
347 1041 363 1106 Ι
381 1036 470 1106 olim
495 1033 728 1106 adversariis
755 1028 813 1130 (ι)
845 1034 1086 1131 scripseram,
1114 1034 1291 1106 insecutis

284 1150 518 1249 temporibus
552 1148 781 1225 confirmavi.
826 1152 884 1222 Sic
915 1176 1007 1222 vero
1037 1151 1119 1224 aliis
1154 1153 1291 1250 pariter

285 1266 524 1342 observatum
552 1289 632 1341 esse
659 1269 919 1342 testimonium
939 1267 1167 1366 comprobat
1186 1294 1290 1366 expe·

282 1387 499 1460 rientissimi
518 1387 657 1460 Halleri
676 1386 746 1480 (a),
764 1405 842 1456 non
858 1391 1061 1484 saeptiu'me
1078 1385 1194 1460 tubas
1214 1388 1291 1460 obs·

283 1519 423 1576 tructas
443 1528 544 1591 esse,
561 1520 658 1576 recte
670 1518 801 1574 contra
818 1505 1047 1596 uuyscttum
1059 1509 1291 1601 Morgagutu

282 1621 438 1694 Adon-s.
459 1627 486 1692 1.
506 1626 601 1693 Sane
614 1636 740 1692 autem
763 1645 850 1693 curn
867 1621 1080 1719 Ruyschius
1099 1623 1141 1692 in
1163 1621 1290 1700 obser·

282 1741 431 1811 vatione
444 1739 498 1837 (3)
509 1743 623 1838 quam
640 1739 887 1838 Sepulchreto
900 1764 980 1812 non
999 1739 1165 1812 additam
1180 1738 1291 1814 fuisse

280 1859 420 1930 mirum
451 1873 527 1946 est,
553 1857 649 1932 duos
679 1857 858 1932 tubarum
893 1857 1122 1946 occlusiouis
1158 1859 1290 1930 m'odos
1390 1877 1391 1922 t

282 1974 386 2048 haud
410 1977 572 2052 obscure
600 1977 877 2076 proposuisset,
910 1997 1076 2072 quorum
1106 1999 1210 2048 unus
1239 1992 1291 2048 est

284 2094 589 2189 quando'altero·
605 2107 774 2166 extremo
799 2114 887 2164 eum
917 2106 1011 2166 teste
1034 2094 1174 2168 arctius
1207 2107 1293 2168 sunt

284 2211 449 2297 coalitae,
476 2211 590 2300 alter,
611 2223 696 2282 c'um
722 2209 927 2284 obstructa
952 2210 1193 2301 sunt·aliter;
1218 2237 1292 2282 rna·

284 2323 461 2398 nifestum
484 2351 563 2400 esse
597 2326 777 2418 omnibus
795 2330 937 2427 potuit,
962 2352 1046 2400 mea
1063 2295 1128 2400 iila
1152 2329 1292 2419 Adver-

283 2443 377 2516 saria
390 2459 531 2518 attente
548 2445 783 2544 legentibus,
799 2446 845 2520 de
860 2445 1117 2544 primoverba
1135 2473 1202 2520 me
1214 2473 1291 2520 non
1389 2535 1390 2546 ἶ

285 2559 437 2651 fecisse,
461 2579 593 2660 utpote
624 2566 663 2634 in
689 2589 767 2661 quo
788 2565 892 2637 nulla
918 2580 973 2637 est
991 2589 1088 2662 opus
1104 2567 1293 2664 perquisi-

282 2680 405 2768 tione,
425 2695 467 2752 ut
488 2681 765 2756 evidentissima
791 2682 960 2754 occlusio
980 2685 1020 2754 in
1044 2699 1291 2782 conspectum

283 2799 417 2870 veniat.
446 2800 536 2888 Quae
558 2823 645 2871 cunt
662 2801 713 2870 ita
734 2801 823 2888 siut,
845 2797 986 2890 fateor,
1012 2823 1072 2872 me
1102 2801 1291 2898 legentem

283 2939 364 3012 quae
396 2915 609 3012 Ruyschius
631 2916 685 3014 (4)
706 2942 776 3014 pro
801 2941 839 2990 se
874 2919 1074 3016 reposuit,
1103 2934 1290 3015 quantum

282 3032 423 3104 eximiae
452 3036 590 3104 summi
616 3037 818 3108 anatomici
848 3060 935 3133 erga
972 3061 1033 3108 me
1063 3035 1292 3108 humanitati

282 3147 505 3222 obstrictum
526 3175 586 3224 mc
600 3155 719 3242 sensi,
739 3167 887 3224 tantum
906 3177 984 3226 esee
1005 3154 1206 3244 miratum,
1225 3179 1290 3227 cur

282 3365 1283 3401 ·---—--——÷-----·——---

320 3502 364 3582 (ι)
385 3509 422 3562 N.
446 3507 493 3564 30.

318 3621 362 3699 (π)
382 3625 513 3682 Historia
524 3625 643 3682 dissent.
658 3627 726 3681 fem.
742 3628 888 3702 gravidae,
902 3629 1048 3702 §maoth
1061 3638 1091 3686 rt
1104 3629 1144 3688 ad
1156 3631 1275 3688 Praelec.

278 3743 784 3846 soem.aasumeseea‚not.5.
1093 3709 1096 3713 ’

318 3862 362 3940 (3)
384 3864 467 3920 Ceut.
484 3863 548 3919 obs.
562 3875 640 3922 anat.
654 3865 729 3922 ehir.
744 3865 792 3922 83.
872 3905 887 3936 0

314 3980 358 4060 (4)
383 3983 504 4040 advers.
523 3995 601 4042 auat.
618 3985 682 4042 det.
699 4004 774 4056 r,c.
793 4001 821 4042 a.
