<?xml version="1.0" encoding="UTF-8"?>
<!DOCTYPE html PUBLIC "-//W3C//DTD XHTML 1.0 Transitional//EN"
    "http://www.w3.org/TR/xhtml1/DTD/xhtml1-transitional.dtd">
<html xmlns="http://www.w3.org/1999/xhtml" xml:lang="en" lang="en">
 <head>
  <title>
</title>
<meta http-equiv="Content-Type" content="text/html;charset=utf-8" />
  <meta name='ocr-system' content='tesseract 3.04.00' />
  <meta name='ocr-capabilities' content='ocr_page ocr_carea ocr_par ocr_line ocrx_word'/>
</head>
<body>
  <div class='ocr_page' id='page_1' title='image "./desedibusetcaus05adelgoog_0435.png"; bbox 0 0 2790 4668; ppageno 0'>
   <div class='ocr_carea' id='block_1_1' title="bbox 302 415 1141 520">
    <p class='ocr_par' dir='ltr' id='par_1_1' title="bbox 302 415 1141 520">
     <span class='ocr_line' id='line_1_1' title="bbox 302 415 1141 520; baseline -0.013 -29"><span class='ocrx_word' id='word_1_1' title='bbox 302 415 374 508; x_wconf 66' lang='grc'><strong>434</strong></span> <span class='ocrx_word' id='word_1_2' title='bbox 467 439 517 520; x_wconf 62' lang='lat' dir='ltr'><strong>op</strong></span> <span class='ocrx_word' id='word_1_3' title='bbox 540 433 684 494; x_wconf 75' lang='lat' dir='ltr'><strong>seorsus</strong></span> <span class='ocrx_word' id='word_1_4' title='bbox 710 435 754 481; x_wconf 80' lang='lat' dir='ltr'><strong>rr</strong></span> <span class='ocrx_word' id='word_1_5' title='bbox 779 433 903 482; x_wconf 73' lang='lat' dir='ltr'><strong>crusis</strong></span> <span class='ocrx_word' id='word_1_6' title='bbox 928 432 1141 480; x_wconf 65' lang='lat' dir='ltr'><strong>notrorum</strong></span> 
     </span>
    </p>
   </div>
   <div class='ocr_carea' id='block_1_2' title="bbox 300 539 1388 3570">
    <p class='ocr_par' dir='ltr' id='par_1_2' title="bbox 300 539 1388 3570">
     <span class='ocr_line' id='line_1_2' title="bbox 301 539 1305 645; baseline -0.005 -21"><span class='ocrx_word' id='word_1_7' title='bbox 301 555 423 640; x_wconf 89' lang='lat' dir='ltr'><strong>mine,</strong></span> <span class='ocrx_word' id='word_1_8' title='bbox 441 539 538 624; x_wconf 79' lang='lat' dir='ltr'><strong>sed‘a</strong></span> <span class='ocrx_word' id='word_1_9' title='bbox 554 548 734 644; x_wconf 66' lang='lat' dir='ltr'><strong>sanguine</strong></span> <span class='ocrx_word' id='word_1_10' title='bbox 754 559 898 642; x_wconf 74' lang='lat' dir='ltr'><strong>repetat</strong></span> <span class='ocrx_word' id='word_1_11' title='bbox 915 544 1091 616; x_wconf 86' lang='lat' dir='ltr'><strong>dolorem</strong></span> <span class='ocrx_word' id='word_1_12' title='bbox 1107 549 1305 645; x_wconf 74' lang='lat' dir='ltr'>inguinum</span> 
     </span>
     <span class='ocr_line' id='line_1_3' title="bbox 301 662 1308 748; baseline -0.007 -6"><span class='ocrx_word' id='word_1_13' title='bbox 301 685 337 744; x_wconf 90' lang='lat' dir='ltr'><strong>et</strong></span> <span class='ocrx_word' id='word_1_14' title='bbox 353 666 611 740; x_wconf 88' lang='lat' dir='ltr'><strong>testiculorum</strong></span> <span class='ocrx_word' id='word_1_15' title='bbox 637 677 846 748; x_wconf 78' lang='lat' dir='ltr'><strong>tumorem,</strong></span> <span class='ocrx_word' id='word_1_16' title='bbox 866 662 1127 734; x_wconf 85' lang='lat' dir='ltr'><strong>imminentem</strong></span> <span class='ocrx_word' id='word_1_17' title='bbox 1156 666 1308 736; x_wconf 89' lang='lat' dir='ltr'><strong>seminis</strong></span> 
     </span>
     <span class='ocr_line' id='line_1_4' title="bbox 301 777 1308 883; baseline -0.008 -25"><span class='ocrx_word' id='word_1_18' title='bbox 301 785 587 883; x_wconf 70' lang='lat' dir='ltr'><strong>ejaculationem</strong></span> <span class='ocrx_word' id='word_1_19' title='bbox 612 794 767 876; x_wconf 82' lang='lat' dir='ltr'><strong>repente</strong></span> <span class='ocrx_word' id='word_1_20' title='bbox 795 777 1025 875; x_wconf 77' lang='lat' dir='ltr'>prohibitam</span> <span class='ocrx_word' id='word_1_21' title='bbox 1052 784 1308 854; x_wconf 74' lang='lat' dir='ltr'><strong>consecutos?</strong></span> 
     </span>
     <span class='ocr_line' id='line_1_5' title="bbox 300 895 1308 996; baseline -0.002 -24"><span class='ocrx_word' id='word_1_22' title='bbox 300 905 460 984; x_wconf 82' lang='lat' dir='ltr'><strong>Evanuit</strong></span> <span class='ocrx_word' id='word_1_23' title='bbox 472 897 625 996; x_wconf 78' lang='lat' dir='ltr'><strong>quidem</strong></span> <span class='ocrx_word' id='word_1_24' title='bbox 639 911 826 992; x_wconf 77' lang='lat' dir='ltr'><strong>uterquea</strong></span> <span class='ocrx_word' id='word_1_25' title='bbox 840 896 1017 984; x_wconf 84' lang='lat' dir='ltr'><strong>sinistris;</strong></span> <span class='ocrx_word' id='word_1_26' title='bbox 1037 895 1308 970; x_wconf 79' lang='lat' dir='ltr'><strong>adextrisvero</strong></span> 
     </span>
     <span class='ocr_line' id='line_1_6' title="bbox 301 1013 1307 1114; baseline -0.013 -16"><span class='ocrx_word' id='word_1_27' title='bbox 301 1037 429 1098; x_wconf 89' lang='lat' dir='ltr'><strong>tumor</strong></span> <span class='ocrx_word' id='word_1_28' title='bbox 446 1041 523 1088; x_wconf 87' lang='lat' dir='ltr'><strong>nou</strong></span> <span class='ocrx_word' id='word_1_29' title='bbox 534 1015 649 1096; x_wconf 85' lang='lat' dir='ltr'><strong>modo</strong></span> <span class='ocrx_word' id='word_1_30' title='bbox 660 1014 839 1112; x_wconf 70' lang='lat' dir='ltr'><strong>perstitit,</strong></span> <span class='ocrx_word' id='word_1_31' title='bbox 858 1013 922 1084; x_wconf 90' lang='lat' dir='ltr'><strong>sed</strong></span> <span class='ocrx_word' id='word_1_32' title='bbox 941 1037 1146 1110; x_wconf 88' lang='lat' dir='ltr'><strong>progressu</strong></span> <span class='ocrx_word' id='word_1_33' title='bbox 1160 1029 1237 1088; x_wconf 87' lang='lat' dir='ltr'><strong>tem</strong></span> <span class='ocrx_word' id='word_1_34' title='bbox 1244 1041 1307 1114; x_wconf 89' lang='lat' dir='ltr'><strong>po·</strong></span> 
     </span>
     <span class='ocr_line' id='line_1_7' title="bbox 302 1129 1309 1230; baseline -0.006 -21"><span class='ocrx_word' id='word_1_35' title='bbox 302 1143 354 1228; x_wconf 76' lang='lat' dir='ltr'><strong>ris¹</strong></span> <span class='ocrx_word' id='word_1_36' title='bbox 365 1139 404 1208; x_wconf 90' lang='lat' dir='ltr'><strong>in</strong></span> <span class='ocrx_word' id='word_1_37' title='bbox 419 1157 615 1210; x_wconf 83' lang='lat' dir='ltr'><strong>carnosam</strong></span> <span class='ocrx_word' id='word_1_38' title='bbox 630 1133 819 1230; x_wconf 82' lang='lat' dir='ltr'><strong>ingentem</strong></span> <span class='ocrx_word' id='word_1_39' title='bbox 835 1129 1005 1202; x_wconf 81' lang='lat' dir='ltr'><strong>herniam</strong></span> <span class='ocrx_word' id='word_1_40' title='bbox 1019 1135 1198 1203; x_wconf 88' lang='lat' dir='ltr'><strong>exerevit.</strong></span> <span class='ocrx_word' id='word_1_41' title='bbox 1208 1133 1309 1204; x_wconf 85' lang='lat' dir='ltr'><strong>Idem</strong></span> 
     </span>
     <span class='ocr_line' id='line_1_8' title="bbox 302 1249 1310 1346; baseline -0.007 -19"><span class='ocrx_word' id='word_1_42' title='bbox 302 1255 348 1340; x_wconf 71' lang='lat' dir='ltr'><strong>at)</strong></span> <span class='ocrx_word' id='word_1_43' title='bbox 363 1253 494 1327; x_wconf 81' lang='lat' dir='ltr'><strong>eadem</strong></span> <span class='ocrx_word' id='word_1_44' title='bbox 517 1274 625 1324; x_wconf 84' lang='lat' dir='ltr'><strong>causa</strong></span> <span class='ocrx_word' id='word_1_45' title='bbox 641 1249 748 1322; x_wconf 85' lang='lat' dir='ltr'><strong>alteri</strong></span> <span class='ocrx_word' id='word_1_46' title='bbox 763 1249 997 1346; x_wconf 82' lang='lat' dir='ltr'><strong>contigisset,</strong></span> <span class='ocrx_word' id='word_1_47' title='bbox 1017 1250 1089 1319; x_wconf 88' lang='lat' dir='ltr'><strong>nisi</strong></span> <span class='ocrx_word' id='word_1_48' title='bbox 1108 1264 1310 1338; x_wconf 87' lang='lat' dir='ltr'><strong>tumorem,</strong></span> 
     </span>
     <span class='ocr_line' id='line_1_9' title="bbox 302 1360 1312 1471; baseline -0.006 -29"><span class='ocrx_word' id='word_1_49' title='bbox 302 1371 348 1471; x_wconf 63' lang='lat' dir='ltr'><strong>ed</strong></span> <span class='ocrx_word' id='word_1_50' title='bbox 383 1370 502 1469; x_wconf 87' lang='lat' dir='ltr'><strong>pugni</strong></span> <span class='ocrx_word' id='word_1_51' title='bbox 535 1367 686 1462; x_wconf 73' lang='lat' dir='ltr'><strong>maioris</strong></span> <span class='ocrx_word' id='word_1_52' title='bbox 722 1360 1020 1463; x_wconf 75' lang='lat' dir='ltr'><strong>magnitudinem</strong></span> <span class='ocrx_word' id='word_1_53' title='bbox 1057 1367 1160 1438; x_wconf 86' lang='lat' dir='ltr'><strong>iutra</strong></span> <span class='ocrx_word' id='word_1_54' title='bbox 1177 1386 1312 1437; x_wconf 84' lang='lat' dir='ltr'><strong>&#39;annos</strong></span> 
     </span>
     <span class='ocr_line' id='line_1_10' title="bbox 303 1479 1309 1584; baseline -0.01 -21"><span class='ocrx_word' id='word_1_55' title='bbox 303 1489 399 1568; x_wconf 88' lang='lat' dir='ltr'><strong>duos</strong></span> <span class='ocrx_word' id='word_1_56' title='bbox 412 1490 489 1584; x_wconf 83' lang='lat' dir='ltr'><strong>jam</strong></span> <span class='ocrx_word' id='word_1_57' title='bbox 513 1500 686 1571; x_wconf 80' lang='lat' dir='ltr'><strong>auctum,</strong></span> <span class='ocrx_word' id='word_1_58' title='bbox 710 1507 793 1560; x_wconf 74' lang='lat' dir='ltr'><strong>rara</strong></span> <span class='ocrx_word' id='word_1_59' title='bbox 825 1479 998 1554; x_wconf 82' lang='lat' dir='ltr'><strong>felicitate</strong></span> <span class='ocrx_word' id='word_1_60' title='bbox 1025 1483 1247 1556; x_wconf 83' lang='lat' dir='ltr'><strong>resolvisset</strong></span> <span class='ocrx_word' id='word_1_61' title='bbox 1267 1485 1309 1555; x_wconf 86' lang='lat' dir='ltr'><strong>cl.</strong></span> 
     </span>
     <span class='ocr_line' id='line_1_11' title="bbox 304 1601 1313 1701; baseline -0.009 -20"><span class='ocrx_word' id='word_1_62' title='bbox 304 1608 476 1686; x_wconf 77' lang='lat' dir='ltr'><strong>Creusius</strong></span> <span class='ocrx_word' id='word_1_63' title='bbox 489 1605 555 1701; x_wconf 88' lang='lat'><em>(1).</em></span> <span class='ocrx_word' id='word_1_64' title='bbox 574 1607 768 1674; x_wconf 87' lang='lat' dir='ltr'><strong>Generoso</strong></span> <span class='ocrx_word' id='word_1_65' title='bbox 779 1615 905 1672; x_wconf 85' lang='lat' dir='ltr'><strong>autem</strong></span> <span class='ocrx_word' id='word_1_66' title='bbox 917 1601 999 1670; x_wconf 87' lang='lat' dir='ltr'><strong>viro</strong></span> <span class='ocrx_word' id='word_1_67' title='bbox 1011 1601 1069 1695; x_wconf 89' lang='lat' dir='ltr'><strong>cuj</strong></span> <span class='ocrx_word' id='word_1_68' title='bbox 1076 1625 1119 1672; x_wconf 88' lang='lat' dir='ltr'><strong>us</strong></span> <span class='ocrx_word' id='word_1_69' title='bbox 1127 1602 1313 1696; x_wconf 85' lang='lat' dir='ltr'><strong>ejusdem·</strong></span> 
     </span>
     <span class='ocr_line' id='line_1_12' title="bbox 304 1717 1311 1814; baseline -0.009 -15"><span class='ocrx_word' id='word_1_70' title='bbox 304 1723 407 1809; x_wconf 84' lang='lat' dir='ltr'><strong>modi</strong></span> <span class='ocrx_word' id='word_1_71' title='bbox 424 1739 637 1810; x_wconf 80' lang='lat' dir='ltr'><strong>tumorem,</strong></span> <span class='ocrx_word' id='word_1_72' title='bbox 652 1743 722 1791; x_wconf 85' lang='lat' dir='ltr'><strong>nec</strong></span> <span class='ocrx_word' id='word_1_73' title='bbox 742 1717 818 1800; x_wconf 61' lang='lat' dir='ltr'><strong>alia,</strong></span> <span class='ocrx_word' id='word_1_74' title='bbox 833 1741 877 1788; x_wconf 82' lang='lat' dir='ltr'><strong>ex</strong></span> <span class='ocrx_word' id='word_1_75' title='bbox 890 1717 1034 1814; x_wconf 79' lang='lat' dir='ltr'><strong>origine</strong></span> <span class='ocrx_word' id='word_1_76' title='bbox 1049 1732 1188 1790; x_wconf 85' lang='lat' dir='ltr'><strong>natum</strong></span> <span class='ocrx_word' id='word_1_77' title='bbox 1206 1743 1311 1791; x_wconf 88' lang='lat' dir='ltr'><strong>eons-</strong></span> 
     </span>
     <span class='ocr_line' id='line_1_13' title="bbox 303 1835 1388 1941; baseline -0.008 -26"><span class='ocrx_word' id='word_1_78' title='bbox 303 1844 411 1941; x_wconf 86' lang='lat' dir='ltr'><strong>pexi,</strong></span> <span class='ocrx_word' id='word_1_79' title='bbox 444 1841 528 1940; x_wconf 88' lang='lat' dir='ltr'><strong>quis</strong></span> <span class='ocrx_word' id='word_1_80' title='bbox 547 1837 745 1933; x_wconf 82' lang='lat' dir='ltr'><strong>contigerit</strong></span> <span class='ocrx_word' id='word_1_81' title='bbox 763 1835 903 1918; x_wconf 87' lang='lat' dir='ltr'><strong>exitus,</strong></span> <span class='ocrx_word' id='word_1_82' title='bbox 929 1835 1023 1905; x_wconf 87' lang='lat' dir='ltr'><strong>scire</strong></span> <span class='ocrx_word' id='word_1_83' title='bbox 1037 1859 1116 1908; x_wconf 86' lang='lat' dir='ltr'><strong>nou</strong></span> <span class='ocrx_word' id='word_1_84' title='bbox 1137 1861 1311 1934; x_wconf 84' lang='lat' dir='ltr'><strong>possum,</strong></span> <span class='ocrx_word' id='word_1_85' title='bbox 1387 1861 1388 1926; x_wconf 61' lang='lat' dir='ltr'><strong>i</strong></span> 
     </span>
     <span class='ocr_line' id='line_1_14' title="bbox 305 1935 1388 2050; baseline -0.006 -18"><span class='ocrx_word' id='word_1_86' title='bbox 305 1985 392 2032; x_wconf 84' lang='lat' dir='ltr'><strong>cum</strong></span> <span class='ocrx_word' id='word_1_87' title='bbox 412 1957 482 2030; x_wconf 83' lang='lat' dir='ltr'><strong>hac</strong></span> <span class='ocrx_word' id='word_1_88' title='bbox 501 1956 705 2040; x_wconf 84' lang='lat' dir='ltr'><strong>transiens,</strong></span> <span class='ocrx_word' id='word_1_89' title='bbox 726 1953 784 2024; x_wconf 84' lang='lat' dir='ltr'><strong>vix</strong></span> <span class='ocrx_word' id='word_1_90' title='bbox 808 1977 868 2024; x_wconf 89' lang='lat' dir='ltr'><strong>me</strong></span> <span class='ocrx_word' id='word_1_91' title='bbox 888 1953 1083 2041; x_wconf 89' lang='lat' dir='ltr'><strong>consulto,</strong></span> <span class='ocrx_word' id='word_1_92' title='bbox 1101 1957 1311 2050; x_wconf 81' lang='lat' dir='ltr'><strong>perrexerit</strong></span> <span class='ocrx_word' id='word_1_93' title='bbox 1387 1935 1388 1954; x_wconf 41' lang='lat'><em>³</em></span> 
     </span>
     <span class='ocr_line' id='line_1_15' title="bbox 305 2068 1311 2170; baseline -0.008 -20"><span class='ocrx_word' id='word_1_94' title='bbox 305 2076 554 2155; x_wconf 78' lang='lat' dir='ltr'><strong>necessarium</strong></span> <span class='ocrx_word' id='word_1_95' title='bbox 578 2075 648 2142; x_wconf 91' lang='lat' dir='ltr'><strong>iter</strong></span> <span class='ocrx_word' id='word_1_96' title='bbox 674 2068 872 2142; x_wconf 77' lang='lat' dir='ltr'><strong>ronficere</strong></span> <span class='ocrx_word' id='word_1_97' title='bbox 893 2070 1032 2140; x_wconf 87' lang='lat' dir='ltr'><strong>Inutile</strong></span> <span class='ocrx_word' id='word_1_98' title='bbox 1055 2086 1162 2142; x_wconf 88' lang='lat' dir='ltr'><strong>certe</strong></span> <span class='ocrx_word' id='word_1_99' title='bbox 1181 2087 1311 2170; x_wconf 83' lang='lat' dir='ltr'><strong>proeter</strong></span> 
     </span>
     <span class='ocr_line' id='line_1_16' title="bbox 307 2187 1309 2290; baseline -0.01 -22"><span class='ocrx_word' id='word_1_100' title='bbox 307 2194 473 2290; x_wconf 84' lang='lat' dir='ltr'><strong>chirurgi</strong></span> <span class='ocrx_word' id='word_1_101' title='bbox 489 2189 648 2274; x_wconf 83' lang='lat' dir='ltr'><strong>ferrum,</strong></span> <span class='ocrx_word' id='word_1_102' title='bbox 669 2187 847 2262; x_wconf 81' lang='lat' dir='ltr'><strong>auxilium</strong></span> <span class='ocrx_word' id='word_1_103' title='bbox 869 2210 982 2257; x_wconf 89' lang='lat' dir='ltr'><strong>omne</strong></span> <span class='ocrx_word' id='word_1_104' title='bbox 1002 2203 1184 2284; x_wconf 79' lang='lat' dir='ltr'><strong>expertus</strong></span> <span class='ocrx_word' id='word_1_105' title='bbox 1201 2203 1309 2275; x_wconf 83' lang='lat' dir='ltr'><strong>esset,</strong></span> 
     </span>
     <span class='ocr_line' id='line_1_17' title="bbox 309 2301 1310 2404; baseline -0.011 -17"><span class='ocrx_word' id='word_1_106' title='bbox 309 2314 339 2388; x_wconf 87' lang='lat' dir='ltr'><strong>si</strong></span> <span class='ocrx_word' id='word_1_107' title='bbox 363 2327 488 2398; x_wconf 84' lang='lat' dir='ltr'><strong>tumor</strong></span> <span class='ocrx_word' id='word_1_108' title='bbox 506 2305 673 2403; x_wconf 85' lang='lat' dir='ltr'><strong>ejusdem</strong></span> <span class='ocrx_word' id='word_1_109' title='bbox 696 2301 825 2378; x_wconf 81' lang='lat' dir='ltr'><strong>fuisset</strong></span> <span class='ocrx_word' id='word_1_110' title='bbox 842 2319 982 2376; x_wconf 81' lang='lat' dir='ltr'><strong>uaturae</strong></span> <span class='ocrx_word' id='word_1_111' title='bbox 994 2328 1037 2376; x_wconf 78' lang='lat' dir='ltr'><strong>ac</strong></span> <span class='ocrx_word' id='word_1_112' title='bbox 1050 2305 1089 2374; x_wconf 89' lang='lat' dir='ltr'><strong>in</strong></span> <span class='ocrx_word' id='word_1_113' title='bbox 1102 2307 1248 2401; x_wconf 83' lang='lat' dir='ltr'><strong>juvene</strong></span> <span class='ocrx_word' id='word_1_114' title='bbox 1261 2307 1310 2404; x_wconf 73' lang='lat' dir='ltr'><strong>(r)</strong></span> 
     </span>
     <span class='ocr_line' id='line_1_18' title="bbox 307 2421 1310 2514; baseline -0.006 -14"><span class='ocrx_word' id='word_1_115' title='bbox 307 2428 397 2514; x_wconf 90' lang='lat' dir='ltr'><strong>fuit,</strong></span> <span class='ocrx_word' id='word_1_116' title='bbox 417 2428 477 2498; x_wconf 89' lang='lat' dir='ltr'><strong>cui</strong></span> <span class='ocrx_word' id='word_1_117' title='bbox 493 2424 540 2497; x_wconf 84' lang='lat' dir='ltr'><strong>ab</strong></span> <span class='ocrx_word' id='word_1_118' title='bbox 559 2447 637 2496; x_wconf 87' lang='lat' dir='ltr'><strong>uon</strong></span> <span class='ocrx_word' id='word_1_119' title='bbox 654 2423 704 2492; x_wconf 90' lang='lat' dir='ltr'><strong>ita</strong></span> <span class='ocrx_word' id='word_1_120' title='bbox 717 2421 886 2494; x_wconf 84' lang='lat' dir='ltr'><strong>dissimili</strong></span> <span class='ocrx_word' id='word_1_121' title='bbox 899 2445 1009 2492; x_wconf 84' lang='lat' dir='ltr'><strong>causa</strong></span> <span class='ocrx_word' id='word_1_122' title='bbox 1020 2439 1170 2496; x_wconf 82' lang='lat' dir='ltr'><strong>exsecta</strong></span> <span class='ocrx_word' id='word_1_123' title='bbox 1183 2449 1205 2495; x_wconf 85' lang='lat' dir='ltr'><strong>e</strong></span> <span class='ocrx_word' id='word_1_124' title='bbox 1219 2449 1310 2496; x_wconf 90' lang='lat' dir='ltr'><strong>scro-</strong></span> 
     </span>
     <span class='ocr_line' id='line_1_19' title="bbox 308 2537 1309 2629; baseline -0.011 -9"><span class='ocrx_word' id='word_1_125' title='bbox 308 2564 346 2622; x_wconf 91' lang='lat' dir='ltr'><strong>to</strong></span> <span class='ocrx_word' id='word_1_126' title='bbox 365 2560 419 2618; x_wconf 85' lang='lat' dir='ltr'><strong>est</strong></span> <span class='ocrx_word' id='word_1_127' title='bbox 437 2565 555 2616; x_wconf 84' lang='lat' dir='ltr'><strong>massa</strong></span> <span class='ocrx_word' id='word_1_128' title='bbox 573 2539 694 2610; x_wconf 83' lang='lat' dir='ltr'><strong>carnis</strong></span> <span class='ocrx_word' id='word_1_129' title='bbox 712 2537 908 2614; x_wconf 68' lang='lat' dir='ltr'><strong>albissimo</strong></span> <span class='ocrx_word' id='word_1_130' title='bbox 933 2553 969 2610; x_wconf 90' lang='lat' dir='ltr'><strong>et</strong></span> <span class='ocrx_word' id='word_1_131' title='bbox 985 2538 1245 2629; x_wconf 71' lang='lat' dir='ltr'><strong>solidissimae,</strong></span> <span class='ocrx_word' id='word_1_132' title='bbox 1274 2543 1309 2610; x_wconf 83' lang='lat' dir='ltr'><strong>in</strong></span> 
     </span>
     <span class='ocr_line' id='line_1_20' title="bbox 308 2653 1310 2758; baseline -0.012 -18"><span class='ocrx_word' id='word_1_133' title='bbox 308 2664 416 2758; x_wconf 85' lang='lat' dir='ltr'><strong>cujus</strong></span> <span class='ocrx_word' id='word_1_134' title='bbox 444 2674 575 2733; x_wconf 87' lang='lat' dir='ltr'><strong>centro</strong></span> <span class='ocrx_word' id='word_1_135' title='bbox 597 2653 733 2752; x_wconf 86' lang='lat' dir='ltr'><strong>globus</strong></span> <span class='ocrx_word' id='word_1_136' title='bbox 755 2678 881 2730; x_wconf 87' lang='lat' dir='ltr'><strong>osseus</strong></span> <span class='ocrx_word' id='word_1_137' title='bbox 905 2653 1219 2728; x_wconf 60' lang='lat' dir='ltr'><strong>concludebatur·</strong></span> <span class='ocrx_word' id='word_1_138' title='bbox 1250 2660 1310 2728; x_wconf 86' lang='lat' dir='ltr'><strong>llis</strong></span> 
     </span>
     <span class='ocr_line' id='line_1_21' title="bbox 307 2771 1310 2873; baseline -0.011 -19"><span class='ocrx_word' id='word_1_139' title='bbox 307 2795 432 2856; x_wconf 89' lang='lat' dir='ltr'><strong>autem</strong></span> <span class='ocrx_word' id='word_1_140' title='bbox 457 2791 622 2873; x_wconf 86' lang='lat' dir='ltr'><strong>quatuor</strong></span> <span class='ocrx_word' id='word_1_141' title='bbox 644 2797 712 2844; x_wconf 87' lang='lat' dir='ltr'><strong>cur</strong></span> <span class='ocrx_word' id='word_1_142' title='bbox 731 2795 809 2842; x_wconf 86' lang='lat' dir='ltr'><strong>non</strong></span> <span class='ocrx_word' id='word_1_143' title='bbox 833 2771 945 2844; x_wconf 82' lang='lat' dir='ltr'><strong>ambo</strong></span> <span class='ocrx_word' id='word_1_144' title='bbox 967 2786 1097 2856; x_wconf 84' lang='lat' dir='ltr'><strong>testes,</strong></span> <span class='ocrx_word' id='word_1_145' title='bbox 1125 2775 1196 2845; x_wconf 84' lang='lat' dir='ltr'><strong>sed</strong></span> <span class='ocrx_word' id='word_1_146' title='bbox 1222 2775 1310 2846; x_wconf 86' lang='lat' dir='ltr'><strong>alter</strong></span> 
     </span>
     <span class='ocr_line' id='line_1_22' title="bbox 307 2891 1387 2988; baseline -0.014 -13"><span class='ocrx_word' id='word_1_147' title='bbox 307 2914 370 2976; x_wconf 86' lang='lat' dir='ltr'><strong>aut</strong></span> <span class='ocrx_word' id='word_1_148' title='bbox 392 2894 574 2968; x_wconf 81' lang='lat' dir='ltr'><strong>tumuerit</strong></span> <span class='ocrx_word' id='word_1_149' title='bbox 593 2905 655 2962; x_wconf 80' lang='lat' dir='ltr'><strong>aut</strong></span> <span class='ocrx_word' id='word_1_150' title='bbox 677 2905 829 2964; x_wconf 86' lang='lat' dir='ltr'><strong>tumens</strong></span> <span class='ocrx_word' id='word_1_151' title='bbox 851 2891 1072 2988; x_wconf 81' lang='lat' dir='ltr'><strong>perstiterit,</strong></span> <span class='ocrx_word' id='word_1_152' title='bbox 1093 2892 1252 2988; x_wconf 85' lang='lat' dir='ltr'><strong>quando</strong></span> <span class='ocrx_word' id='word_1_153' title='bbox 1273 2893 1308 2961; x_wconf 84' lang='lat' dir='ltr'><strong>io</strong></span> <span class='ocrx_word' id='word_1_154' title='bbox 1386 2939 1387 2944; x_wconf 19' lang='grc' dir='ltr'><strong>κ</strong></span> 
     </span>
     <span class='ocr_line' id='line_1_23' title="bbox 307 3001 1309 3110; baseline -0.012 -20"><span class='ocrx_word' id='word_1_155' title='bbox 307 3032 471 3110; x_wconf 86' lang='lat' dir='ltr'><strong>utroque</strong></span> <span class='ocrx_word' id='word_1_156' title='bbox 492 3011 631 3110; x_wconf 84' lang='lat' dir='ltr'><strong>pariter</strong></span> <span class='ocrx_word' id='word_1_157' title='bbox 657 3021 750 3080; x_wconf 89' lang='lat' dir='ltr'><strong>teste</strong></span> <span class='ocrx_word' id='word_1_158' title='bbox 766 3006 931 3081; x_wconf 87' lang='lat' dir='ltr'><strong>cohibita</strong></span> <span class='ocrx_word' id='word_1_159' title='bbox 953 3001 1105 3078; x_wconf 82' lang='lat' dir='ltr'><strong>seminis</strong></span> <span class='ocrx_word' id='word_1_160' title='bbox 1131 3012 1242 3107; x_wconf 83' lang='lat' dir='ltr'><strong>eopia</strong></span> <span class='ocrx_word' id='word_1_161' title='bbox 1257 3023 1309 3081; x_wconf 85' lang='lat' dir='ltr'><strong>est</strong></span> 
     </span>
     <span class='ocr_line' id='line_1_24' title="bbox 306 3123 1307 3212; baseline -0.014 -2"><span class='ocrx_word' id='word_1_162' title='bbox 306 3137 354 3212; x_wconf 84' lang='lat' dir='ltr'><strong>iu.</strong></span> <span class='ocrx_word' id='word_1_163' title='bbox 372 3130 498 3208; x_wconf 87' lang='lat' dir='ltr'><strong>medio</strong></span> <span class='ocrx_word' id='word_1_164' title='bbox 516 3127 665 3198; x_wconf 86' lang='lat' dir='ltr'><strong>veneris</strong></span> <span class='ocrx_word' id='word_1_165' title='bbox 681 3139 794 3211; x_wconf 83' lang='lat' dir='ltr'><strong>aestu,</strong></span> <span class='ocrx_word' id='word_1_166' title='bbox 811 3150 890 3196; x_wconf 87' lang='lat' dir='ltr'><strong>uon</strong></span> <span class='ocrx_word' id='word_1_167' title='bbox 912 3126 962 3196; x_wconf 87' lang='lat' dir='ltr'><strong>ita</strong></span> <span class='ocrx_word' id='word_1_168' title='bbox 986 3123 1095 3196; x_wconf 77' lang='lat' dir='ltr'><strong>facile</strong></span> <span class='ocrx_word' id='word_1_169' title='bbox 1114 3125 1220 3197; x_wconf 90' lang='lat' dir='ltr'><strong>dictu</strong></span> <span class='ocrx_word' id='word_1_170' title='bbox 1234 3141 1307 3212; x_wconf 84' lang='lat' dir='ltr'><strong>est,</strong></span> 
     </span>
     <span class='ocr_line' id='line_1_25' title="bbox 307 3242 1309 3341; baseline -0.013 -15"><span class='ocrx_word' id='word_1_171' title='bbox 307 3253 381 3326; x_wconf 89' lang='lat' dir='ltr'><strong>nisi</strong></span> <span class='ocrx_word' id='word_1_172' title='bbox 399 3247 494 3322; x_wconf 87' lang='lat' dir='ltr'><strong>forte</strong></span> <span class='ocrx_word' id='word_1_173' title='bbox 510 3269 588 3318; x_wconf 85' lang='lat' dir='ltr'><strong>non</strong></span> <span class='ocrx_word' id='word_1_174' title='bbox 602 3243 781 3341; x_wconf 72' lang='lat' dir='ltr'><strong>aequalem</strong></span> <span class='ocrx_word' id='word_1_175' title='bbox 801 3243 981 3339; x_wconf 83' lang='lat' dir='ltr'><strong>utrinque</strong></span> <span class='ocrx_word' id='word_1_176' title='bbox 997 3243 1146 3340; x_wconf 83' lang='lat' dir='ltr'><strong>copiam</strong></span> <span class='ocrx_word' id='word_1_177' title='bbox 1166 3259 1231 3315; x_wconf 88' lang='lat' dir='ltr'><strong>aut</strong></span> <span class='ocrx_word' id='word_1_178' title='bbox 1240 3242 1309 3314; x_wconf 79' lang='lat' dir='ltr'><strong>flu·</strong></span> 
     </span>
     <span class='ocr_line' id='line_1_26' title="bbox 308 3360 1308 3448; baseline -0.014 -6"><span class='ocrx_word' id='word_1_179' title='bbox 308 3368 488 3442; x_wconf 82' lang='lat' dir='ltr'><strong>xilitatem</strong></span> <span class='ocrx_word' id='word_1_180' title='bbox 511 3363 684 3448; x_wconf 80' lang='lat' dir='ltr'><strong>seminis,</strong></span> <span class='ocrx_word' id='word_1_181' title='bbox 703 3373 766 3438; x_wconf 83' lang='lat' dir='ltr'><strong>aut</strong></span> <span class='ocrx_word' id='word_1_182' title='bbox 790 3361 1003 3432; x_wconf 84' lang='lat' dir='ltr'><strong>tunicarum</strong></span> <span class='ocrx_word' id='word_1_183' title='bbox 1020 3373 1057 3432; x_wconf 88' lang='lat' dir='ltr'><strong>et</strong></span> <span class='ocrx_word' id='word_1_184' title='bbox 1078 3360 1308 3432; x_wconf 77' lang='lat' dir='ltr'><strong>cremasteris</strong></span> 
     </span>
     <span class='ocr_line' id='line_1_27' title="bbox 309 3476 1386 3570; baseline -0.013 -12"><span class='ocrx_word' id='word_1_185' title='bbox 309 3484 469 3558; x_wconf 88' lang='lat' dir='ltr'><strong>musculi</strong></span> <span class='ocrx_word' id='word_1_186' title='bbox 487 3484 580 3570; x_wconf 84' lang='lat' dir='ltr'><strong>vim,</strong></span> <span class='ocrx_word' id='word_1_187' title='bbox 594 3494 658 3557; x_wconf 80' lang='lat' dir='ltr'><strong>eut</strong></span> <span class='ocrx_word' id='word_1_188' title='bbox 672 3476 889 3552; x_wconf 67' lang='lat' dir='ltr'><strong>revehentis</strong></span> <span class='ocrx_word' id='word_1_189' title='bbox 903 3501 988 3552; x_wconf 79' lang='lat' dir='ltr'><strong>vasa</strong></span> <span class='ocrx_word' id='word_1_190' title='bbox 998 3477 1045 3548; x_wconf 77' lang='lat' dir='ltr'><strong>ab</strong></span> <span class='ocrx_word' id='word_1_191' title='bbox 1059 3478 1180 3550; x_wconf 83' lang='lat' dir='ltr'><strong>altero</strong></span> <span class='ocrx_word' id='word_1_192' title='bbox 1197 3479 1305 3549; x_wconf 81' lang='lat' dir='ltr'><strong>latere</strong></span> <span class='ocrx_word' id='word_1_193' title='bbox 1385 3559 1386 3566; x_wconf 6' lang='grc' dir='ltr'>ἵ</span> 
     </span>
    </p>
   </div>
   <div class='ocr_carea' id='block_1_3' title="bbox 348 3869 1280 4051">
    <p class='ocr_par' dir='ltr' id='par_1_3' title="bbox 348 3869 1280 4051">
     <span class='ocr_line' id='line_1_28' title="bbox 348 3869 1051 3954; baseline -0.011 -22"><span class='ocrx_word' id='word_1_194' title='bbox 348 3875 394 3954; x_wconf 80' lang='lat' dir='ltr'><strong>(r)</strong></span> <span class='ocrx_word' id='word_1_195' title='bbox 413 3872 488 3950; x_wconf 89' lang='lat' dir='ltr'><strong>Eph.</strong></span> <span class='ocrx_word' id='word_1_196' title='bbox 501 3875 538 3928; x_wconf 88' lang='grc' dir='ltr'><strong>Ν.</strong></span> <span class='ocrx_word' id='word_1_197' title='bbox 553 3875 584 3928; x_wconf 91' lang='lat' dir='ltr'><strong>C.</strong></span> <span class='ocrx_word' id='word_1_198' title='bbox 602 3872 665 3926; x_wconf 84' lang='lat' dir='ltr'><strong>dec.</strong></span> <span class='ocrx_word' id='word_1_199' title='bbox 679 3872 712 3940; x_wconf 84' lang='lat'><strong>3,</strong></span> <span class='ocrx_word' id='word_1_200' title='bbox 727 3873 768 3936; x_wconf 57' lang='lat' dir='ltr'><strong>At,</strong></span> <span class='ocrx_word' id='word_1_201' title='bbox 781 3869 801 3934; x_wconf 76' lang='grc' dir='ltr'><strong>ὅ,</strong></span> <span class='ocrx_word' id='word_1_202' title='bbox 815 3882 844 3928; x_wconf 83' lang='lat' dir='ltr'><strong>et</strong></span> <span class='ocrx_word' id='word_1_203' title='bbox 856 3871 889 3940; x_wconf 86' lang='grc'><strong>6,</strong></span> <span class='ocrx_word' id='word_1_204' title='bbox 903 3870 970 3932; x_wconf 76' lang='lat' dir='ltr'><strong>obt·</strong></span> <span class='ocrx_word' id='word_1_205' title='bbox 984 3870 1051 3930; x_wconf 71' lang='lat'><strong>282.</strong></span> 
     </span>
     <span class='ocr_line' id='line_1_29' title="bbox 349 3971 1280 4051; baseline -0.014 -17"><span class='ocrx_word' id='word_1_206' title='bbox 349 3979 392 4051; x_wconf 68' lang='grc' dir='ltr'><strong>(ι)</strong></span> <span class='ocrx_word' id='word_1_207' title='bbox 414 3973 491 4033; x_wconf 88' lang='lat' dir='ltr'><strong>Hist.</strong></span> <span class='ocrx_word' id='word_1_208' title='bbox 508 3973 543 4029; x_wconf 84' lang='lat' dir='ltr'><strong>de</strong></span> <span class='ocrx_word' id='word_1_209' title='bbox 554 3971 664 4027; x_wconf 75' lang='lat' dir='ltr'><strong>l&#39;ilcud.</strong></span> <span class='ocrx_word' id='word_1_210' title='bbox 680 3973 780 4045; x_wconf 70' lang='lat' dir='ltr'><strong>royale</strong></span> <span class='ocrx_word' id='word_1_211' title='bbox 793 3971 844 4026; x_wconf 81' lang='lat' dir='ltr'><strong>des</strong></span> <span class='ocrx_word' id='word_1_212' title='bbox 857 3971 904 4028; x_wconf 87' lang='lat' dir='ltr'><strong>Sc.</strong></span> <span class='ocrx_word' id='word_1_213' title='bbox 917 3989 966 4026; x_wconf 81' lang='lat' dir='ltr'><strong>eu.</strong></span> <span class='ocrx_word' id='word_1_214' title='bbox 985 3989 1075 4043; x_wconf 84' lang='lat'><strong>1700,</strong></span> <span class='ocrx_word' id='word_1_215' title='bbox 1090 3971 1155 4040; x_wconf 60' lang='lat' dir='ltr'><strong>ohe.</strong></span> <span class='ocrx_word' id='word_1_216' title='bbox 1169 3981 1240 4028; x_wconf 74' lang='lat' dir='ltr'><strong>anet.</strong></span> <span class='ocrx_word' id='word_1_217' title='bbox 1254 3977 1280 4036; x_wconf 75' lang='grc'><strong>4.</strong></span> 
     </span>
    </p>
   </div>
   <div class='ocr_carea' id='block_1_4' title="bbox 0 0 1408 4668">
    <p class='ocr_par' dir='ltr' id='par_1_4' title="bbox 0 0 1408 4668">
     <span class='ocr_line' id='line_1_30' title="bbox 0 0 1408 4668; baseline 0 0"><span class='ocrx_word' id='word_1_218' title='bbox 0 0 1408 4668; x_wconf 95' lang='lat' dir='ltr'><strong> </strong></span> 
     </span>
    </p>
   </div>
  </div>
 </body>
</html>
