2746 4674
301 435 376 520 too'
456 469 503 516 nr
529 463 675 523 suerrus
699 465 745 510 nr
768 459 892 510 oausrs
917 463 1128 512 noanonuu

294 583 526 657 servationes
540 578 726 675 accepisse
739 592 801 648 aut
816 576 947 674 legisse
961 579 1210 676 inpraesentia
1223 605 1306 652 me·

298 702 412 786 mini,
437 711 479 767 ut
493 697 578 791 jure
597 695 809 790 meritoque
837 693 1047 790 Ruysehius
1061 697 1115 791 (r)
1130 697 1306 792 potuerit

298 819 398 893 inter
418 838 460 886 ea
481 837 563 908 quae
577 812 720 882 rariora
740 809 1001 900 adnotaverat,
1019 813 1151 882 lienem
1164 818 1205 882 ιἰι
1216 813 1306 911 pel*

298 940 369 1005 vim
377 930 604 1030 prolapsum
618 951 824 1001 recensere.
838 931 909 998 Sex
918 928 1064 1000 illarum
1079 928 1127 1000 ad
1138 926 1305 1002 feminas

297 1050 478 1134 attinent,
499 1047 579 1118 duae
596 1045 643 1119 ad
659 1045 782 1118 viros:
801 1043 849 1116 ad
872 1045 1075 1118 alterutros
1093 1059 1221 1118 autem
1243 1072 1304 1118 re·

295 1167 406 1264 liquae
426 1179 592 1262 spectare
618 1177 844 1260 potuerunt,
873 1163 1188 1260 quas-indicavit,
1220 1191 1304 1236 non

206 1315 210 1326 ·
295 1282 460 1354 narravit
478 1279 740 1377 Riolanus(a)‚
762 1301 848 1352 cum
865 1282 938 1352 aiat
954 1283 1150 1378 imperitos
1169 1283 1303 1356 inoau⁴

298 1416 432 1495 tosque
451 1399 501 1469 sic
521 1395 597 1467 falli
609 1403 728 1494 specie
745 1396 857 1468 moloe
870 1398 935 1468 vel
947 1397 1128 1468 skirrhort'
1148 1406 1250 1470 uteri
1264 1406 1304 1470 in

296 1515 509 1588 mulieribus
519 1567 529 1601 ,
552 1528 589 1584 et
605 1519 643 1584 in
661 1519 753 1586 viris
771 1520 891 1613 specie
907 1521 1061 1586 tumoris
1077 1515 1306 1612 glandulosi

297 1641 415 1705 instar
438 1636 670 1704 steatomatis
701 1637 739 1702 in
769 1632 983 1704 mesentert'o
1018 1631 1174 1704 latentis.
1204 1633 1304 1704 Mihi

294 1750 458 1824 necdum
488 1749 645 1845 contigit
665 1762 706 1818 ut
724 1773 791 1844 per
807 1763 1008 1820 anatomen
1035 1748 1304 1847 deprebende-

289 1893 401 1955 rem,
421 1847 590 1963 cupienti
606 1863 775 1960 alioquin
799 1889 885 1936 oum
903 1867 1089 1954 alia,'tum
1108 1870 1302 1966 praecipue

295 1985 386 2084 quid
395 1985 549 2056 annexis
559 1981 770 2080 pancreati‚
787 1984 1014 2072 ventriculo,
1030 1988 1194 2082 totisque
1204 1987 1303 2084 sple-

295 2105 470 2176 nicorum
487 2123 663 2172 vasorum
681 2101 826 2172 truncis
845 2116 935 2172 tunc
954 2101 1115 2190 aecidat,
1137 2101 1302 2200 diligen-

207 2308 209 2315 s
294 2236 351 2292 ter
375 2219 577 2315 inquirere.
598 2221 643 2288 Et
665 2233 752 2290 sunt
778 2217 930 2322 quidern
948 2221 988 2292 in
1006 2219 1203 2317 productis
1227 2221 1301 2293 ob-

290 2334 568 2410 -servationibus
602 2334 759 2406 Ballonii
799 2337 1004 2433 praesertim
1038 2353 1075 2409 et
1107 2337 1300 2427 Cabrolii,

294 2454 420 2549 aliqua
437 2451 484 2522 ad
505 2452 756 2524 ventriculum
785 2453 1091 2526 attinentia.·Sed
1115 2458 1300 2552 quoniam

293 2569 445 2640 aliunde
461 2593 539 2640 esse
557 2584 754 2667 poterant,
773 2595 844 2642 nec
864 2573 971 2642 Pozzi
985 2587 1022 2645 et
1035 2574 1171 2645 Boneti
1183 2573 1301 2646 histo·

293 2689 355 2758 riae
372 2688 457 2758 satis
473 2686 546 2757 illis
566 2685 637 2758 hac
656 2689 696 2756 in
715 2701 821 2783 parte
838 2687 1091 2785 respondent,
1123 2691 1299 2764 consulto
1369 2739 1370 2744 κ

291 2821 379 2884 sunt
397 2829 492 2875 arne
513 2805 767 2902 praetermissa.

342 2922 399 3010 45.
415 2914 594 2994 Consulto
606 2923 746 3018 pariter
756 2923 888 2992 reticui
901 2921 1005 3020 quod
1014 2923 1064 2994 ab
1073 2923 1297 3024 uitdanooe')

291 3042 331 3120 in
360 3039 517 3110 muliere
549 3037 829 3136 deprehensum
864 3054 937 3126 est,
966 3065 1053 3112 oum
1090 3043 1296 3114 immanem

254 3212 258 3221 ,
290 3159 429 3228 lienem
456 3156 503 3226 ad
527 3156 812 3252 hypogastrium
842 3156 995 3252 quidem
1020 3172 1215 3233 extensum
1242 3162 1296 3234 le-

291 3298 393 3372 gam,
408 3299 487 3344 non
504 3272 593 3342 illue
611 3272 850 3369 prolapsum,
867 3287 910 3344 ut
924 3274 1012 3344 viris
1025 3272 1192 3374 alioquin
1208 3277 1297 3350 doc-

290 3391 441 3462 tissimis'
449 3391 568 3461 visum
580 3399 635 3460 est
651 3390 690 3460 in
704 3385 974 3462 observationis
984 3391 1151 3486 ejusdem
1164 3393 1212 3466 ab
1221 3396 1298 3466 Hil-

327 3759 369 3843 (1)
390 3765 477 3836 Resp.
491 3761 528 3816 ad
541 3761 614 3816 hidl.
629 3761 741 3820 vindic.
842 3718 849 3727 Α

325 3877 369 3956 (a)
390 3873 527 3932 Encheir.
540 3896 565 3931 o.
580 3876 629 3932 eit.

324 3992 368 4070 (3)
390 3994 473 4051 Ceut.
488 4009 524 4063 a,
543 3990 597 4047 obs
615 3988 663 4058 45.
