2740 4670
178 479 245 524 am.
274 475 328 522 ιιι.
358 475 889 538 nantoanrsvnura1s,rrrsr.
917 479 1004 526 xcu.
1033 455 1106 554 347⁴

97 589 275 661 radicum
292 589 516 687 particulas,
542 585 690 686 aliaque
714 589 890 661 devorata
900 583 914 678 ‚¹
932 617 1019 664 cum
1044 593 1106 665 iis-

97 733 178 807 que
192 707 326 806 pilulas
339 705 452 794 duas,
468 708 507 776 in
520 707 677 804 longum
692 721 923 796 extenuatas,
938 709 1108 783 reddidc·
1180 764 1182 768 ψ

97 828 159 897 rit.
184 825 371 895 Nimirum
398 824 586 895 saevissimi
605 825 713 896 colici
732 823 882 896 dolores
901 827 1108 923 superiori-¹·

97 945 175 1016 bas
194 940 386 1026 mensibus
409 953 707 1031 antecesserant,
732 956 775 1014 ut
793 967 814 1013 a
832 943 911 1014 veri
937 945 1108 1016 similitu·

100 1063 203 1132 dine·
212 1079 291 1130 non
302 1059 508 1166 ¹abhorreat
521 1114 531 1148 ,
547 1057 821 1131 inflammatum
834 1062 988 1167 aliquod
998 1063 1111 1134 intes-

98 1173 224 1250 tinum
256 1175 346 1248 dum
375 1179 496 1248 vesica
522 1177 753 1266 coalescere,
781 1193 817 1250 et
843 1203 958 1276 parvo
980 1179 1108 1278 aliquo

98 1297 283 1368 abscessu
307 1293 423 1384 facto,
446 1316 518 1394 pus
543 1297 583 1368 in
600 1295 799 1394 utriusque
824 1321 956 1368 cavum
983 1321 1110 1369 erum·
1173 1373 1175 1377 ,

99 1439 217 1513 pere,
243 1429 489 1512 apertamque
518 1416 616 1485 inter
636 1411 842 1512 utrumqne
869 1413 1031 1486 fistulam
1051 1441 1112 1488 re·

100 1535 283 1630 linquere
302 1534 480 1630 potuisse.
496 1535 588 1602 Nam
604 1531 807 1628 quodcum
819 1531 1112 1630 Yongiusadvoa

100 1665 208 1722 catus
232 1665 308 1738 est,
332 1651 442 1720 urina
462 1648 557 1718 nihil
577 1668 687 1746 grave
704 1649 844 1738 oleret,
876 1675 1001 1747 neque
1029 1675 1111 1722 san-

100 1770 188 1866 guis
211 1783 276 1839 aut
290 1791 361 1866 pus
376 1767 458 1838 alvo
482 1767 724 1864 dejiceretur,
744 1793 815 1839 nec
842 1783 1032 1840 tenesmus
1055 1793 1112 1862 es·
1171 1857 1175 1863 Ι
1272 1859 1275 1861 ,

101 1901 179 1973 set,
201 1907 327 1984 neque
342 1885 483 1956 humor
502 1887 662 1972 tinctus,
680 1905 749 1984 per
765 1887 960 1983 clysterem
973 1887 1111 1958 immis-

101 2029 187 2092 sus,
210 2027 280 2076 suo
299 2003 431 2075 lotium
447 2002 575 2075 colore
594 2001 788 2076 inficeret:
807 2005 1112 2076 communicatio-

100 2147 189 2193 nem
211 2121 365 2220 quidem
383 2123 484 2193 inter
502 2123 662 2194 vesicam
685 2137 721 2193 et
745 2138 891 2194 rectum
913 2139 977 2194 aut
1001 2121 1113 2194 colon

4 2239 9 2246 '
99 2240 322 2310 intestinum
343 2240 469 2309 minus
495 2238 717 2326 credibilem
742 2241 877 2311 merito
896 2241 969 2338 ipsi
985 2233 1113 2311 reddi-

99 2357 251 2428 derunt.
272 2355 562 2435 Credibiliorem
581 2369 705 2427 autem
725 2355 880 2429 fortasse
900 2349 1116 2432 censuisset,

99 2477 129 2546 si
144 2476 249 2547 inter
268 2477 428 2545 vesicam
444 2487 479 2544 et
496 2489 640 2571 partem
659 2474 824 2572 aliquam
835 2475 1114 2574 huicattiguam
1162 2564 1174 2571 .

100 2593 163 2663 ilei
182 2592 353 2662 intestini
374 2610 454 2694 esse
482 2593 736 2689 concepisset3
764 2591 992 2692 acerbissimi
1013 2595 1113 2664 enirn

100 2707 154 2778 illi
172 2710 239 2806 qui
258 2724 525 2805 precesserant
543 2705 713 2797 dolores,
734 2721 776 2779 ut
794 2707 902 2779 culici
918 2713 1041 2780 vocati
1058 2699 1115 2780 es-

100 2839 207 2908 sent,
225 2824 325 2894 iliaci
340 2849 424 2896 esse
441 2813 659 2922 potuer'unt.

71 2995 76 2998 -
152 2941 211 3030 46.
238 2941 310 3012 Sed
332 2939 502 3014 toramen
523 2943 629 3040 quod
650 2965 670 3013 a
694 2943 815 3014 vesica
833 2943 871 3010 in
894 2943 1113 3040 contiguum

100 3074 250 3132 rectum
270 3062 492 3131 intestinum
513 3077 648 3158 preter
664 3075 835 3130 naturam
854 3060 1057 3157 pertineat,
1073 3073 1115 3130 ut

101 3175 250 3246 facilem
266 3177 391 3249 reddit
409 3179 698 3276 explicationem
713 3177 793 3248 lotii
808 3201 878 3274 per
894 3197 1009 3248 anum
1025 3176 1115 3248 red-

101 3293 192 3379 diti;
214 3295 267 3366 sic
283 3295 486 3392 aliquando
507 3311 571 3367 aut
594 3298 643 3367 ita
666 3297 705 3366 in
724 3296 883 3370 mortuis
908 3294 1114 3366 obscurum

96 3426 181 3496 est,
199 3426 264 3489 aut
280 3413 384 3486 sicin
398 3413 611 3486 virentibus
628 3409 779 3484 difficile
805 3410 971 3500 creditu,
992 3427 1032 3483 ut
1050 3437 1114 3483 eo-

101 3526 189 3596 dem
207 3528 322 3599 modo
341 3532 400 3600 vix
419 3555 460 3602 ac
478 3555 525 3600 ne
544 3533 603 3600 vix
617 3529 771 3628 quidem
796 3514 905 3600 liceat
921 3553 1001 3600 rem
1017 3529 1114 3600 hanc

102 3643 149 3714 ad
167 3645 440 3742 penultimam,
460 3662 502 3718 ut
522 3646 645 3735 vides,
666 3673 711 3723 ex
730 3645 1115 3744 enumeratis(1)sec·
1217 3651 1221 3662 '

141 4013 185 4094 (ι)
207 4019 322 4092 Supra,
340 4039 368 4072 n.
390 4020 434 4085 tl.
