2810 4668
296 446 368 546 594
460 470 505 515 ns
532 465 677 514 sumnus
703 467 746 511 nr
772 465 895 516 crusis
920 467 1128 514 nonnosus

298 578 397 657 enim
421 579 644 680 plerumque
672 577 745 650 hoc
772 577 863 666 vidi,
892 595 997 677 parte
1021 580 1166 684 reliqua
1194 579 1296 680 missi

298 697 488 798 sanguinis
505 694 582 767 fere
596 696 636 764 in
648 693 859 792 cylindrum
871 721 979 794 aequo
990 697 1204 768 tenuiorem
1216 723 1300 774 con·

297 829 433 902 tracta,
452 809 614 883 camilla
633 811 807 907 purgatio
826 826 889 882 aut
910 837 954 882 ex
970 827 1068 900 toto,
1085 829 1149 884 aut
1169 837 1299 911 magna

298 957 343 1006 ex
357 946 462 1030 parte
474 927 619 1002 deesset
633 953 641 995 :
659 926 752 1023 quin
771 929 881 999 etiam
895 929 947 1000 sic
961 951 1040 1000 esse
1055 927 1302 1001 animadverti

296 1048 355 1120 vel
372 1049 412 1117 in
429 1042 590 1143 quadam
608 1044 669 1114 cui
687 1069 707 1113 a
725 1045 895 1142 quinque
919 1061 982 1116 aut
1000 1069 1080 1134 sex,
1097 1045 1204 1118 haud
1226 1073 1300 1117 am·

296 1166 412 1266 plius,
427 1160 561 1235 diebus
575 1157 695 1232 luerat
706 1161 769 1231 illa
780 1159 904 1232 medio
919 1163 958 1233 in
973 1187 1087 1234 cursu
1098 1189 1143 1234 ex
1160 1178 1301 1235 terrore

298 1303 503 1380 suppressa.
522 1281 662 1350 Verum
686 1271 758 1376 qui
768 1280 914 1378 possint
933 1279 1100 1352 remedia
1117 1281 1184 1351 illa
1206 1280 1300 1352 bene

298 1397 431 1472 cellere
450 1422 539 1474 non.
554 1395 668 1466 modo
689 1417 776 1467 cum
798 1399 947 1495 sanguis
971 1423 991 1470 e
1019 1401 1214 1470 contrario
1237 1396 1301 1470 ler-

298 1517 446 1587 ventior
463 1529 536 1602 est,
553 1528 617 1584 aut
636 1514 843 1612 copiosior,
864 1514 929 1586 sed
949 1540 1034 1586 cum
1053 1517 1135 1614 ipse
1150 1515 1302 1612 quidem

299 1635 350 1707 sic
370 1633 456 1704 satis
472 1645 571 1703 recte
591 1629 780 1720 sehabet,
800 1648 928 1704 uterus
940 1647 1065 1703 autem
1079 1633 1217 1704 siccior
1229 1649 1303 1721 est,

300 1767 337 1824 et
350 1750 595 1837 contractior,
607 1763 685 1832 aut,
701 1747 807 1845 quod·
819 1773 864 1820 ex
874 1745 1061 1820 diuturnis
1075 1749 1303 1846 quibusdam

299 1868 459 1955 morbis,
482 1883 525 1939 ut
544 1869 582 1942 in
602 1866 794 1964 proposita
812 1867 975 1964 virgine,
993 1853 1177 1964 suspicari
1200 1869 1303 1954 licet,

301 1987 479 2086 organico
495 1985 673 2082 quopiam
685 1983 776 2053 vitio
786 1981 963 2055 affectus?
976 1987 1122 2082 Nempe
1133 1985 1225 2058 alias
1235 1985 1302 2056 hu-

301 2118 536 2190 mectare,et
555 2103 677 2172 laxare
696 2115 862 2199 praestat3
875 2101 963 2171 alias
982 2116 1107 2171 autem
1123 2101 1302 2188 vinealia,
1397 2149 1398 2170 1

302 2219 428 2319 quoad
452 2221 531 2316 ejus
553 2217 634 2288 fieri
660 2233 800 2315 potest,
824 2218 1022 2290 resolvere.
1041 2217 1224 2292 Nobilem
1239 2244 1303 2318 ego

302 2335 595 2416 medicumnovi
606 2335 672 2432 qui
683 2335 729 2405 ad
741 2333 872 2406 cienda
884 2349 1076 2406 menstrua
1086 2337 1141 2407 uti
1152 2361 1303 2408 consue·

300 2469 405 2526 verat
420 2451 586 2550 chalybis
602 2453 733 2540 scobe,
748 2454 856 2524 mista
870 2476 956 2523 cum
972 2475 1092 2524 massa
1103 2453 1301 2550 pilularum

303 2573 349 2644 de
372 2570 473 2658 aloe,
499 2585 536 2641 et
563 2570 609 2641 de
635 2571 891 2657 ammoniaco,
911 2585 947 2640 et
972 2584 1154 2640 concreto
1184 2569 1304 2642 cicho-
1395 2631 1396 2634 ,

280 2671 285 2682 ’
304 2715 375 2762 reae
394 2713 529 2775 succo,
550 2685 678 2757 addito
698 2675 853 2784 insuper
875 2711 962 2758 cum
979 2685 1138 2757 remedii
1152 2689 1229 2757 vim
1245 2713 1303 2758 au·

305 2805 464 2907 gendum
479 2819 664 2893 censeret,
678 2791 844 2902 pauxillo
855 2803 1036 2910 dictamni
1045 2806 1206 2890 Cretici,
1220 2829 1306 2903 myr-

238 3012 240 3018 s
306 2918 976 3019 rhae,etcroci:exquibusconlectas
988 2919 1121 3019 pilulas
1137 2922 1305 3018 quotidie

307 3039 419 3112 dabat
432 3035 508 3110 lere
517 3037 625 3109 binas
633 3053 718 3109 ante
726 3061 875 3135 parcam
886 3062 1033 3110 coenum
1042 3093 1051 3122 ‚
1061 3051 1306 3111 maneautem

304 3157 511 3256 jusculum,
534 3154 661 3226 herbis
683 3169 720 3225 et
740 3155 930 3228 radicibus
953 3154 1201 3245 medicatum,
1231 3179 1307 3254 quae

308 3273 537 3361 emolliendi,
548 3288 584 3344 et
594 3297 676 3369 quae
686 3270 1097 3370 aperiendilacultatem
1106 3269 1305 3345 haberent:

306 3393 441 3489 hisque
463 3389 607 3460 auxiliis
627 3387 743 3460 ferme
764 3413 910 3488 semper
931 3391 988 3460 sui
1001 3391 1079 3460 voti
1091 3405 1306 3488 compotem

310 3535 348 3581 se
372 3507 508 3578 lactum
530 3503 668 3595 aiebat3
690 3505 804 3577 modo
826 3521 910 3608 apta
926 3505 1038 3578 simul
1055 3522 1201 3579 servata
1217 3521 1308 3580 esset
1391 3489 1392 3508 ³

309 3623 458 3696 vivendi
483 3647 625 3693 norma.
652 3619 798 3694 Scilicet
824 3623 906 3712 hic,
928 3624 1035 3719 cujus
1054 3648 1124 3724 ego
1144 3625 1307 3696 remedia

310 3739 619 3825 commemoravi,
637 3763 716 3809 non
734 3738 838 3836 quod
858 3752 936 3809 n'on
956 3740 1210 3838 vulgatissima
1227 3741 1307 3827 sint,

312 3857 376 3932 sed
394 3855 497 3954 quod
516 3856 587 3925 alia
604 3856 684 3928 aliis
701 3856 774 3926 sint
793 3853 1031 3929 facultatibus
1050 3857 1227 3955 praedita,
1246 3883 1306 3930 sae·

310 3977 396 4075 pius
415 3972 539 4071 potuit
555 3971 592 4041 id
612 3971 717 4070 quod
736 3990 969 4071 susceperat,
987 3961 1161 4065 efficere,
1178 3975 1305 4049 melius
