2746 4674
269 394 337 468 168
428 422 475 468 ne
502 418 647 488 seorsus
670 419 715 467 ur
740 417 864 468 causis
889 419 1098 468 uonaouuu

264 533 344 606 aliis
358 532 549 606 erodentis
566 531 736 604 humoris
748 545 895 620 natrtra,
914 557 962 604 an
976 531 1128 606 aliunde
1142 532 1191 604 sit
1213 555 1283 602 re·
1363 539 1364 550 ’

264 650 448 750 petenda,
467 651 535 722 tibi
553 648 805 748 indagandum
824 649 1090 746 relinquimus,
1114 646 1283 746 quando

263 765 342 860 haec
356 768 433 864 jam
454 767 540 838 satis
556 765 668 866 longa
684 767 839 865 epistola
857 781 922 840 est.
941 767 1124 838 Proximis
1135 764 1283 838 diebus

264 885 417 959 alteram
436 885 645 973 mittemus,
668 885 810 958 interea
830 899 955 960 autem
975 885 1133 958 salutem
1149 883 1283 983 pluri·
1363 905 1364 992 ι

266 1000 444 1098 mam(1).

305 1357 456 1441 (1)Variis
469 1356 828 1434 observationibus‚ques
844 1358 945 1418 retulit
953 1359 1151 1432 Morgagnus,
1168 1357 1281 1414 dedo-

266 1464 327 1521 lore
338 1463 515 1531 lumborum,
532 1461 639 1518 addam
653 1480 754 1518 casum
763 1463 942 1538 singularem
956 1471 985 1518 et
996 1477 1167 1536 perrarum,
1182 1477 1280 1534 quem

266 1563 384 1620 assidue
398 1561 504 1637 collegi
520 1579 599 1617 anno
617 1559 700 1618 1815.

305 1663 416 1720 Mulier
429 1661 533 1738 viginti
544 1681 592 1717 sex
605 1679 698 1716 annos
708 1671 794 1730 nata,
812 1657 917 1717 babitu
933 1657 1115 1736 lymphatico
1130 1657 1278 1734 praedita,
1363 1679 1364 1730 ι

266 1781 345 1822 curae
357 1738 655 1830 domesticae'dedita,
673 1761 862 1817 mediocriter
874 1762 978 1838 obesa,
993 1757 1051 1816 huc
1070 1777 1166 1834 usque
1183 1777 1278 1829 sana,
1363 1751 1364 1812 Ϊ

266 1875 371 1942 vegeta
390 1873 418 1918 et
429 1857 551 1934 jocosa,¹
559 1861 667 1916 ‘decem
678 1861 829 1917 mensibus
847 1873 917 1936 post
928 1872 1046 1936 partum
1060 1847 1176 1916 felicem
1189 1860 1279 1916 ince-

266 1963 313 2040 pit
326 1962 499 2038 percipere,
513 1969 542 2016 et
562 1959 624 2016 sine
636 1977 725 2016 causa
742 1971 828 2032 nota,
847 1961 933 2018 lateri
957 1960 1076 2016 sinistro
1099 1960 1281 2016 lumborum
1363 1955 1364 2006 ἶ

269 2061 427 2138 quemdam
439 2060 599 2114 obscurum
618 2059 773 2136 gravitatis
785 2071 836 2116 aut
847 2061 987 2118 molestiae
1006 2079 1139 2130 sensum,
1152 2077 1211 2134 per
1225 2061 1278 2115 in-

268 2162 394 2218 tervalla
403 2169 612 2229 recurrentem,
628 2160 749 2216 sedtam
758 2162 852 2216 levem
864 2171 899 2216 ut
908 2179 1071 2236 nunquam,
1086 2170 1137 2216 aut
1146 2178 1232 2230 raro,
1242 2160 1280 2216 de
1363 2213 1364 2244 ,

268 2261 322 2318 illo
337 2263 517 2336 loqueretur.
538 2259 597 2315 Sed
614 2256 696 2316 hicce
712 2279 814 2316 sensus
832 2260 986 2332 molestiae,
1010 2259 1062 2334 qui
1081 2259 1169 2314 initio
1182 2249 1281 2315 vetuti
1363 2283 1364 2294 ι

267 2343 412 2436 punctum
426 2359 574 2432 profunde
590 2359 680 2416 fixum
693 2359 866 2429 ridebatur,
880 2357 1063 2435 tegantur,
1077 2357 1173 2432 majus
1186 2376 1280 2417 occu·

268 2469 321 2536 pat
335 2457 477 2534 spatium,
488 2458 615 2533 stipatur
627 2459 731 2515 dolore
745 2457 836 2515 ferme
848 2459 1008 2529 continuo,
1020 2477 1109 2534 quem
1121 2460 1281 2516 lancinan-
1363 2483 1364 2540 p

159 2599 160 2602 ι
250 2572 347 2632 vtem,
361 2559 541 2633 quaudoque
554 2559 764 2634 pulsatorium,
782 2571 834 2615 aut
851 2560 1005 2616 rodentem
1023 2559 1096 2616 dicit
1114 2577 1200 2636 aegra,
1214 2563 1281 2618 Nec
1363 2567 1364 2624 ἶ

273 2659 474 2734 inspectione,
499 2677 553 2716 nec
578 2653 763 2734 palpatione,
788 2670 839 2716 aat
856 2659 1008 2734 pressione
1035 2658 1204 2724 abdominis
1224 2671 1278 2718 aut
1363 2637 1364 2666 ³

271 2761 452 2834 lumborum,
461 2757 849 2835 uulladetegituralteratio:
862 2758 1052 2829 facies,calor
1061 2759 1280 2833 etpulsussuat
1363 2813 1364 2838 ἶ

272 2861 420 2932 naturales
431 2858 583 2928 ,hilaritas
592 2869 621 2915 et
628 2860 705 2914 vires
713 2861 849 2936 integrae,
861 2875 962 2916 omnes
970 2857 1104 2933 corporis
1112 2859 1282 2916 structiones

270 2959 363 3018 libere
382 2961 551 3036 explentur,
567 2969 717 3016 menstrua
733 2958 790 3016 rite
803 2958 909 3016 fluunt.
922 2961 1061 3014 Attamen
1076 2969 1279 3034 symptomata
1363 2943 1364 2952 ἵ

272 3060 379 3116 localia
387 3047 531 3133 paulatim
539 3069 714 3166 augescunt
727 3069 757 3114 et
771 3058 895 3132 septimo
905 3053 1004 3115 mense
1018 3057 1073 3114 ab'
1066 3058 1153 3113 mitio
1163 3059 1280 3132 prima-

271 3175 338 3216 rum
351 3147 552 3232 querelarum,
563 3135 669 3214 miilier
680 3155 714 3214 fit
729 3175 865 3229 morosa,
887 3157 1059 3229 irascibilis,
1081 3157 1210 3233 percipit
1226 3179 1281 3236 per
1363 3203 1364 3208 1

216 3263 217 3269 ’
275 3259 430 3314 intervalla
443 3257 600 3331 quemdam
614 3275 731 3313 sensum
744 3257 972 3328 formicationis,
989 3258 1169 3348 quaudoque
1180 3277 1280 3316 crem-

273 3357 364 3433 piant
377 3357 507 3431 stuporIs
526 3357 578 3433 qui
589 3376 643 3432 per
654 3359 764 3435 plures
755 3352 827 3416 dies
834 3357 965 3416 recurrit
975 3368 1004 3414 et
1013 3357 1149 3433 pervadit
1159 3358 1223 3416 duo
1235 3379 1280 3418 ar
1363 3357 1364 3366 ’

273 3467 321 3514 tus
329 3455 541 3512 abdominales.
548 3457 663 3512 Horum
670 3456 763 3512 motio
774 3467 803 3513 et
815 3457 990 3515 sensibilitas
1001 3456 1075 3514 fiunt
1086 3457 1210 3529 debiles,
1218 3461 1279 3517 lan·
1363 3459 1364 3468 ’

273 3555 370 3634 guidae
387 3565 416 3610 et
428 3535 519 3629 paulo
531 3567 599 3629 post
612 3555 734 3614 omnino
750 3556 918 3613 abolentur.
938 3559 1088 3631 Impotens
1099 3568 1128 3613 et
1138 3563 1279 3634 paraple·

273 3655 322 3732 gia
336 3655 473 3710 laborans
486 3673 562 3730 aegra
573 3657 680 3712 lectum
692 3673 808 3713 servare
821 3655 951 3732 cogitur,
970 3667 1040 3712 tunc
1056 3667 1208 3714 menstrua
1225 3659 1279 3718 de·

273 3753 391 3823 ficiunt,
405 3766 434 3810 et
450 3751 529 3810 hisee
543 3757 788 3828 symptomatilms
802 3769 939 3830 quaeram
952 3757 1029 3813 clare
1045 3755 1219 3813 indicabant
1235 3760 1278 3815 ab

272 3835 430 3912 tectionem
441 3851 567 3910 rachidii
577 3853 641 3929 (seu
653 3855 788 3912 medullae
800 3856 922 3930 spinalis
935 3867 968 3915 ut
981 3852 1119 3932 dicitur),
1131 3857 1219 3914 brevi
1230 3877 1276 3916 su-

272 3963 472 4032 pervenerunt
486 3951 645 4012 difficultas
665 3955 839 4015 excretionis
853 3967 904 4013 aut
916 3957 1042 4024 retentio,
1052 3957 1194 4022 absalme
1207 3957 1274 4014 lotii
1363 3963 1364 3996 ³
