2814 4674
296 417 342 519 7‘6
440 443 487 490 nn
513 431 660 491 sumnus
684 433 729 490 nr
754 435 877 490 elusis
903 433 1111 490 notrorum

294 557 469 628 t'ractiora
480 557 735 628 adnotaverim
745 583 755 644 ;
764 581 931 656 quorum
945 573 1122 628 neutrum
1136 557 1173 624 in
1186 553 1318 625 eami-

293 697 381 746 rum
399 689 472 761 est,
491 699 572 770 quae
591 676 651 744 vix
670 673 828 771 aliquid,
852 673 902 746 ob
926 697 1120 758 nauseam,
1140 671 1215 742 cibi
1232 669 1314 740 ad-

295 791 480 876 mitteret,
498 790 797 888 admissumque,
816 789 1041 888 aliquando,
1069 803 1117 859 ut
1129 787 1225 876 dixi,
1243 809 1314 857 re-

294 921 436 1002 Jrceret.

348 1021 405 1112 34.
428 1022 674 1121 Multiplicem
692 1023 739 1094 ad
760 1040 887 1102 cautos
902 1021 1116 1096 reddendos
1132 1018 1321 1092 medicos

206 1189 210 1196 ι
298 1142 495 1214 utilitatem
517 1141 631 1212 habet
650 1141 727 1211 haec
746 1141 966 1214 observatio.
995 1143 1088 1232 Quis
1112 1140 1213 1210 enim
1232 1136 1315 1234 qui

226 1262 228 1264 ’
299 1259 523 1354 ex‘disjectis
538 1260 627 1330 olim
642 1259 847 1332 tuberculis
863 1255 981 1330 unum
999 1257 1135 1330 factum
1154 1280 1234 1328 esse
1250 1271 1315 1326 tu·

299 1399 462 1464 morem,
482 1393 519 1448 et
531 1377 656 1462 hunc,
673 1379 748 1448 sive
768 1401 991 1476 praegressa,
1011 1378 1086 1448 sive
1106 1373 1317 1472 praesentia!

301 1492 525 1580 attenderet,
543 1518 631 1564 cum
649 1495 788 1565 uterini
806 1495 932 1564 caneri
951 1492 1099 1564 indiciis
1120 1490 1314 1586 conjunc·
1392 1499 1393 1570 j

302 1624 383 1682 tum
401 1611 577 1684 audiisset
591 1639 600 1700 3
616 1613 715 1709 quis,
729 1614 903 1707 inquam,
918 1611 1107 1682 non'uteri
1118 1607 1236 1705 ipsius
1249 1620 1316 1677 tu·
1392 1681 1393 1688 χ

304 1752 449 1800 morem
470 1753 549 1802 esse
562 1730 835 1800 existimasset?
848 1730 916 1800 Hic
928 1715 1054 1800 tamen
1069 1751 1148 1797 non
1161 1724 1208 1795 ad
1220 1739 1314 1795 vute-

304 1871 410 1933 rum5
429 1846 494 1917 sed
513 1846 560 1916 ad
586 1845 784 1918 distentam
811 1845 991 1917 attinebat
1017 1845 1197 1930 vesicam,
1222 1863 1315 1938 quae

306 1962 403 2034 dum¹
413 1988 450 2034 se
467 1962 578 2034 altius
587 1959 721 2033 efferre
731 1963 933 2060 inciperet,
947 1963 1118 2061 proxima
1129 1958 1315 2032 intestina

305 2079 662 2177 sursum‘urgendo‚
689 2095 726 2151 et
749 2095 873 2178 partes
899 2105 1029 2151 eorum
1051 2081 1194 2178 aliquas
1213 2073 1316 2148 infe·

306 2199 425 2270 riores
451 2197 757 2296 comprimendo,
789 2199 890 2270 illam
921 2197 1075 2270 fortasse
1100 2197 1314 2268 divisorum
1392 2269 1393 2272 ,

306 2314 594 2386 tubereulorum
613 2316 774 2413 speeiem
792 2339 835 2387 ex
848 2317 893 2388 iis
905 2313 1097 2387 efficiebat.
1112 2314 1205 2404 Quis
1218 2313 1316 2384 item

309 2434 375 2527 qui
391 2431 524 2502 lotium
542 2455 563 2502 a
577 2434 696 2504 vesica
711 2455 789 2504 non
804 2434 978 2519 retineri,
992 2432 1057 2504 sed
1068 2433 1150 2530 jugi
1166 2429 1315 2501 stillici-

311 2547 375 2618 dio
392 2546 543 2620 effluere
552 2548 808 2637 intellexisset,
824 2551 1030 2648 suspicatus
1046 2550 1085 2620 id
1099 2547 1317 2648 quoderat,

311 2662 456 2753 fuisset,
470 2665 642 2764 magnam
658 2683 782 2740 tamen
792 2668 875 2740 lotii
886 2645 1031 2766 partem
1043 2669 1082 2738 in
1095 2667 1218 2738 vesica
1232 2689 1320 2737 res-

303 2787 431 2873 titere,
446 2785 562 2882 quod,
573 2784 723 2856 dextere
734 2787 901 2858 immisso
915 2769 1115 2873 caiethere‚
1130 2783 1241 2856 educi
1248 2783 1319 2856 sal-

310 2915 386 2972 tem
404 2927 449 2973 ex
462 2917 568 3000 parte
583 2917 709 3000 posset
723 2927 802 2974 non
822 2905 900 2974 sine
918 2927 1053 3000 magno
1072 2903 1214 2972 miserm
1233 2924 1318 2971 mu·

312 3018 413 3090 lieris
426 3019 636 3090 levamine?
652 3023 744 3091 Nam
760 3020 864 3118 quod
877 3018 1087 3116 Ruyschius
1101 3023 1151 3111 (1)
1161 3043 1243 3089 eam
1256 3017 1318 3090 de·

314 3135 431 3233 nique
454 3139 583 3207 vesicae
607 3137 881 3233 plenitudinem
907 3139 946 3207 in
974 3161 1159 3235 puerpera
1178 3134 1319 3232 depre-

313 3253 446 3324 hendit
456 3276 474 3344 ,’
487 3277 569 3350 quae
583 3257 722 3350 pariter
736 3255 831 3326 nihil
844 3256 967 3325 urium¹
976 3257 1015 3324 in
1026 3255 1165 3340 vesica,
1186 3279 1318 3350 quam*

313 3372 956 3475 vismagnaejuseopiadistenta,se
968 3374 1144 3447 credebat
1155 3371 1318 3461 habere,
1381 3455 1383 3462 y

313 3487 416 3560 haud
426 3490 606 3579 absimili,
624 3507 665 3564 nt
674 3491 1043 3578 videtur,stillicidio
1056 3491 1230 3589 decepta3
1250 3491 1319 3561 sci-

313 3604 401 3676 lieet
416 3607 562 3679 nullum
579 3611 736 3680 omnino
756 3611 905 3708 signum
921 3611 961 3680 in
980 3633 1022 3680 ea
1034 3623 1114 3682 erat
1128 3629 1317 3705 puerpera

317 3999 321 4006 ¹
355 3976 401 4063 (1)
420 3979 545 4043 Advers.
564 3991 642 4038 anat.
661 3983 725 4048 dec,
742 4003 775 4056 a,
792 4007 817 4050 e.
832 4007 861 4064 9.
959 3973 962 3978 ¹
