2790 4668
290 421 360 511 521,
455 451 500 496 on
527 423 677 496 sabinus
697 449 741 494 rr
760 447 891 532 pausis
917 447 1127 499 nonronun

287 561 461 634 Obnoxia
481 561 561 634 haec
575 577 654 660 erat
670 562 730 632 vel
748 560 848 634 leves
865 559 916 634 ob
936 585 1065 633 causas
1083 562 1230 644 timori,
1248 585 1299 632 ex

287 703 363 774 quo
383 679 585 768 tremebat,
604 695 640 750 et
659 680 766 776 quasi
785 680 919 750 auimo.
932 678 1187 776 linquebatur.
1212 681 1296 749 vos

288 795 413 868 mebat
430 811 593 895 saepe,ut
609 795 705 866 nihil
719 795 829 868 solidi
846 795 921 866 cibi
932 797 1129 885 retineret3
1148 796 1296 894 piscem

287 929 412 984 autern
433 940 481 985 ne
500 928 648 1012 gustare
666 912 822 1011 quidem
838 929 977 1011 posset.
1007 917 1100 984 Cum
1119 911 1167 986 de
1186 937 1294 984 mor-

287 1027 345 1101 bis
360 1031 440 1126 ejus
462 1031 603 1102 caeteris
624 1056 669 1102 cx
693 1027 937 1103 familiaribus
958 1029 1175 1127 singillatim
1194 1053 1297 1126 quae-

285 1169 471 1236 reremus,
489 1161 705 1220 constanter
724 1146 1022 1246 respondebant,
1033 1171 1233 1244 nurrquam
1246 1145 1299 1218 de

287 1263 860 1362 capits,nunqua1ndecorde‚
886 1279 928 1336 ut
951 1279 1042 1362 puta
1057 1263 1105 1336 de
1126 1264 1210 1359 ejus
1231 1288 1296 1341 req

284 1375 452 1453 hementi
465 1379 694 1480 pulsatione,
709 1381 972 1480 palpitatione,
986 1396 1050 1454 aut
1065 1379 1141 1452 alio
1151 1378 1291 1454 affectu

286 1515 551 1594 conquestam,
572 1526 642 1572 nec
670 1523 859 1597 unquam,
889 1500 994 1597 quod
1016 1500 1177 1587 scirent,
1203 1497 1291 1569 tho-

283 1617 378 1688 racis
390 1609 746 1689 inflammationibus
766 1613 878 1690 fuisse
897 1632 1102 1690 tentatam:
1122 1639 1208 1714 quae
1222 1639 1291 1688 cur-

283 1715 570 1832 uon'praefuisse
590 1735 833 1822 adnotemus,
858 1736 1022 1806 sectione
1051 1734 1221 1832 perlecta
1241 1728 1289 1802 fa·

284 1850 354 1922 cile
368 1851 564 1951 intelliges.
579 1853 756 1925 Morbum
770 1852 817 1924 de
828 1853 1027 1950 quounice
1047 1865 1289 1950 quereretur,

283 1965 499 2043 affectiones
507 1968 701 2065 ‚aiebant,
722 1968 832 2046 luisse
853 1971 969 2058 uteri,
989 1993 1102 2067 quem
1120 1967 1192 2040 sibi
1215 1966 1287 2038 huc

283 2085 371 2160 illuc
386 2112 454 2185 per
475 2103 645 2160 ventrem
665 2103 756 2160 tunc
774 2088 939 2174 moveri,
966 2101 1003 2159 et
1020 2085 1066 2158 ad
1085 2084 1216 2158 fauces
1234 2107 1288 2156 as·

285 2204 446 2276 cendere
464 2230 551 2277 cum
569 2204 826 2278 suffocationis
842 2204 1034 2276 interdum
1048 2228 1185 2290 sensu,
1199 2226 1288 2276 asse-

282 2319 455 2408 verabat,
482 2346 606 2420 aquo
633 2339 758 2402 tamen
792 2345 903 2396 sensu
935 2323 1009 2394 cito
1043 2321 1290 2394 liberabatur,

281 2440 374 2536 Ipsis
405 2437 575 2512 kalend1s
593 2441 773 2536 januariis
791 2441 891 2512 anni
923 2463 1035 2537 1709,
1066 2439 1284 2538 vespertino
1390 2463 1391 2540 }

280 2570 472 2654 tempore,
493 2557 698 2630 costassibi
717 2560 823 2656 quasi
840 2556 1040 2630 concidere
1062 2571 1198 2654 questa
1211 2571 1288 2642 est,

172 2657 175 2666 “
278 2675 464 2772 jussitque
489 2675 748 2748 mulierculam
765 2673 960 2762 advocari,
977 2698 1075 2773 quae,
1094 2689 1137 2744 ut
1150 2673 1287 2772 vulgus
1389 2725 1390 2730 η

280 2792 475 2877 credebat,
490 2794 655 2866 relevare
683 2793 804 2865 sciret.
830 2792 908 2866 Sub
934 2815 1108 2866 auroram
1138 2815 1227 2864 cum
1246 2815 1290 2864 se⁴
1389 2769 1390 2796 ³

282 2913 495 3009 gravissima
525 2911 710 3008 hysterica
729 2907 927 2982 allectione
949 2910 1090 3008 corripi
1114 2908 1286 2993 dixisset,

277 3044 504 3127 uterumque
518 3029 594 3100 huc
608 3029 697 3098 illuc
716 3027 975 3118 oberrantem,
996 3026 1043 3100 ad
1059 3025 1188 3098 fauces
1205 3027 1287 3122 jam,

277 3145 506 3234 ascendisse,
521 3169 643 3243 eoque
663 3170 701 3218 se
719 3142 910 3233 suffocari3
926 3146 1024 3216 intra
1040 3167 1181 3232 unam,
1198 3156 1280 3230 aut,

278 3287 487 3352 summum,
505 3263 658 3337 alteram
684 3263 818 3334 horam
840 3277 897 3334 est
918 3276 1087 3349 mortua,
1116 3260 1222 3332 nulla
1235 3257 1282 3330 atl

279 3406 321 3454 os
341 3405 490 3479 spuma,
505 3406 630 3479 neque
655 3380 764 3468 ullis,
789 3380 856 3477 qui
884 3378 955 3452 snb
976 3378 1108 3452 oculos
1137 3375 1283 3450 adstan·
1387 3411 1388 3450 ;

218 3510 219 3518 ’
276 3499 372 3568 tium
394 3497 591 3584 caderent,
609 3497 836 3570 convulsivis
855 3496 1020 3568 motibus
1043 3496 1189 3594 agitata.
1217 3499 1282 3566 Ca·

186 3708 194 3716 ³
278 3616 488 3686 davercum
514 3641 558 3686 ex
576 3612 702 3686 officio
724 3633 850 3688 secare
876 3613 1033 3686 deberet
1047 3613 1282 3700 Santorinus,
1386 3671 1387 3676 1

278 3735 465 3830 certisque
488 3731 534 3803 de
555 3733 696 3822 causis,
715 3731 755 3832 id
771 3730 876 3830 quod
899 3734 1109 3830 prudenter
1131 3729 1281 3805 maluis-

277 3865 351 3937 set,
370 3846 522 3920 disferre
540 3875 620 3922 non
642 3865 793 3948 posset:
814 3873 910 3922 ame
929 3872 1027 3935 un0,
1041 3848 1109 3946 qui
1127 3845 1175 3921 ab
1193 3846 1281 3942 ejus·

277 3965 383 4038 modi
403 3989 608 4064 corporum
638 3965 949 4057 dissectionibus,
973 3987 1055 4038 non
1083 3965 1158 4036 nisi
1183 3963 1280 4060 justo
