2740 4670
169 467 238 514 ιιι.
267 467 322 512 ιιι.
351 465 398 515 nr
423 461 560 520 nonnis
578 463 747 528 verrius,
772 463 883 516 rrrsr.
910 465 1013 510 xnrn.
1043 443 1108 538 371

110 577 287 652 videlicet
306 576 500 650 aliudesse
518 575 657 648 herniae
674 575 881 664 sacculum,
901 575 1001 650 aliud
1025 603 1115 675 pro·

112 715 260 774 cessum
287 695 498 794 peritonaei:
523 695 805 790 quanquamin
826 693 899 786 hoc
921 695 1003 791 ipso
1026 721 1116 792 pro.

111 839 224 909 cesso
246 811 486 912 agnoscendo
509 836 588 882 nou
608 811 698 884 levis
724 809 798 882 hoc
821 825 991 907 tempore
1019 813 1117 888 inter

110 931 345 1009 anatomicos
371 945 427 1004 est
449 929 713 1012 controversia.
735 930 828 998 Nam
853 927 955 1024 quod
983 935 1116 1004 Ferue-

108 1050 183 1124 lius
203 1073 288 1122 cum
303 1045 384 1122 fieri
401 1046 509 1118 illum
524 1071 568 1118 ex
588 1047 766 1118 interiore
780 1048 972 1144 peritonaei
989 1051 1117 1123 tunica
1173 1041 1177 1050 “

109 1168 282 1264 negavit,
302 1191 346 1244 ex
361 1166 476 1240 altera
492 1165 622 1236 saltem
638 1165 820 1234 exteriore
841 1167 1033 1261 compingi
1051 1165 1118 1240 do-

111 1286 214 1371 cuit,
245 1285 313 1390 qui
348 1284 492 1380 possint
516 1283 571 1354 illi
600 1283 769 1378 accipere
795 1283 862 1378 qui
893 1285 1117 1392 exteriorem

112 1403 214 1477 hanc
224 1415 527 1498 non-agnoscunt
538 1401 552 1470 Ρ
562 1403 647 1490 Quo
657 1397 780 1470 tamen
791 1400 830 1468 in
846 1425 1004 1470 numero
1019 1401 1119 1476 haud

85 1552 88 1559 ¹
112 1521 203 1596 setis
226 1519 321 1605 scie,
349 1543 418 1594 cur
446 1517 580 1598 doctus
605 1517 661 1586 vir
685 1517 1053 1590 Swenrmerdnmium
1074 1545 1119 1594 ex

112 1637 195 1732 ejus
212 1636 312 1716 notis
329 1634 803 1736 irr'HorniiffProdromurn,
821 1636 1050 1730 Ruyschium
1074 1663 1119 1712 ex
1228 1666 1230 1670 ·

111 1753 382 1834 observatione
407 1753 479 1849 98,
505 1767 542 1822 et
566 1757 714 1833 iustum
743 1751 993 1834 Schraderum
1016 1741 1060 1832 ex
1085 1759 1119 1826 ΙΙ

112 1871 196 1954 dec.
217 1870 479 1950 observatione
497 1869 540 1957 5,
560 1895 744 1967 reponere
766 1871 945 1942 videatur.
965 1873 1036 1943 Sed
1055 1871 1119 1970 qui

113 2012 247 2080 revere
280 2013 351 2085 pro
382 2013 424 2066 ea
450 1989 575 2068 tunica
607 1987 824 2060 celiulosam
853 1991 964 2060 telam
981 2014 1120 2086 propo·

115 2122 236 2195 nunt,
258 2106 410 2202 quando
430 2106 528 2179 hanc
544 2105 672 2185 saltem
685 2108 876 2179 cumrasis
891 2111 1121 2206 spermaticis

114 2224 154 2304 in
171 2221 339 2302 scrotum
358 2223 585 2302 descendere
604 2249 681 2294 non
698 2225 933 2296 inficiantur:
950 2227 1036 2298 satis
1062 2228 1120 2296 in-

112 2356 217 2416 terea
237 2341 328 2420 dant
349 2339 480 2426 nobis,
499 2356 559 2426 ut,
576 2340 644 2412 hac
664 2341 728 2420 lite
748 2368 849 2415 nunc
868 2345 1051 2440 seposita,
1071 2346 1120 2420 is·-

114 2457 184 2529 tud
198 2512 208 2543 ‚
224 2457 413 2556 quidquid
430 2473 501 2546 est,
519 2483 596 2555 quo
617 2481 701 2534 vasa
713 2457 775 2536 illa
793 2461 1121 2557 comprehendun-

115 2591 199 2664 tur,
220 2575 414 2652 involvens
437 2591 554 2662 certe,
578 2589 614 2646 et
633 2599 654 2646 a
672 2577 874 2672 peritonaeo
899 2578 1120 2672 procidens,

112 2696 254 2792 vaginae
275 2679 427 2767 illorum
444 2747 453 2778 ,
472 2692 584 2788 hujus
594 2681 726 2770 ,autern
744 2718 941 2792 processus
959 2695 1121 2776 voeabu-

112 2812 152 2882 lo
175 2811 370 2908 designare
401 2811 598 2908 possimus.
632 2814 708 2882 Nec
738 2809 904 2890 Valseiva
929 2813 1119 2908 ipserum

116 2952 338 3036 processum
358 2927 450 3002 dixit
464 2928 738 3024 peritonaei(.1),
754 2927 801 3006 ab
820 2929 945 3025 aliqua
960 2930 1121 3024 ejusmo-

113 3045 157 3118 di
176 3045 428 3142 explieatione
446 3045 558 3142 longe
579 3046 739 3132 alienus,
759 3061 801 3120 ut
824 3047 962 3142 opinor
981 3046 1117 3126 fuisset.

113 3167 213 3243 Nam
234 3163 300 3234 etsi
317 3161 388 3238 hac
408 3164 447 3240 iu
466 3188 505 3237 re
527 3186 605 3240 noo
623 3162 723 3237 idem
738 3187 887 3261 semper
903 3161 1118 3246 adolescen-

113 3296 194 3354 tem
212 3305 270 3352 me
290 3279 439 3366 docuit3
457 3281 611 3352 memini
634 3296 759 3359 tamen
779 3307 865 3358 curn
885 3282 1050 3380 denique
1067 3287 1120 3366 eie

116 3398 303 3498 traderet,
319 3421 390 3468 nee
405 3397 598 3468 tendinem
612 3399 774 3468 musculi
791 3397 937 3497 obliqui
957 3404 1120 3480 externi,

115 3540 188 3586 nec
211 3515 458 3613 peritonaeum
481 3540 555 3612 qua
580 3539 665 3585 vasa
688 3517 909 3612 spermatiea
936 3545 980 3588 ex
1007 3518 1122 3589 abdo·

116 3633 220 3703 mine
239 3633 391 3728 proprie
411 3632 512 3703 dieto
531 3649 698 3706 scrotum
718 3657 846 3704 versus
865 3633 1120 3722 descendunt,

120 3837 1117 3868 mmm-adn·

160 4002 203 4085 (1)
217 3958 318 4079 ‘spise
336 4005 433 4076 nnn.
449 4004 475 4060 5.

896 4109 958 4194 24*
