2746 4674
279 412 355 504 '164
446 439 493 488 or
519 403 664 490 seorsus
688 442 733 490 rr
757 439 882 492 causis
897 441 1114 518 ,nonnosum

277 573 322 623 ex
336 553 466 649 attigui
483 553 578 625 vasis
597 551 754 650 alicujus
773 551 999 652 sauguiferi,
1016 554 1121 652 quod
1140 579 1210 654 pus
1225 555 1283 626 iae·
1307 531 1311 538 Ι

274 669 402 759 sisset,
418 669 653 768 disruptione
683 671 870 768 ejusmodi
892 686 1052 742 mortem
1070 697 1149 745 esse
1175 697 1280 770 repe-

275 787 439 860 tendam.
472 790 603 885 Neque
631 803 755 860 tamen
777 790 990 887 suspicione
1013 787 1084 860 hac
1113 803 1221 862 vetus
1243 805 1280 860 et

272 904 445 1002 pertinax
464 904 525 975 ille
538 905 584 976 ad
599 904 792 978 vertebras
803 897 913 980 dolor
925 905 1179 1004 explicabatur
1191 959 1201 993 ,
1215 931 1280 977 cu-

270 1021 333 1117 jus
349 1025 388 1092 iu
411 1036 467 1093 tot
485 1021 629 1121 hepatis
651 1021 904 1112 abscessibus,
924 1049 1087 1120 quorum
1106 1024 1283 1096 historias

273 1138 562 1238 perpendimus,
586 1141 816 1212 mentionem
841 1137 974 1212 factam
999 1166 1078 1212 uon
1103 1131 1279 1213 recorda·

272 1279 378 1343 mur,
402 1271 438 1326 et
465 1258 496 1326 is
524 1271 701 1354 praeterea
725 1281 840 1356 quem
861 1259 1124 1356 tetigeramus,
1147 1273 1278 1340 tumor
1366 1265 1367 1268 ’

272 1371 386 1470 longe
406 1397 426 1444 a
444 1373 627 1446 vertebris
645 1374 824 1464 distabat,
850 1375 1076 1473 longiusque
1094 1377 1192 1446 imus
1209 1373 1278 1447 he·

271 1490 369 1588 patis
385 1490 540 1578 limbus,
559 1490 606 1564 ad
624 1516 737 1588 quem
755 1493 960 1590 presertim
981 1493 1183 1565 novissime
1207 1492 1279 1564 do-

270 1608 392 1680 lorem
409 1591 524 1680 suis'se'
538 1611 769 1707 scripsimus
792 1612 868 1682 Nec
892 1634 985 1682 vero
1004 1625 1059 1682 est
1083 1604 1277 1682 cur‘dolo

271 1751 352 1798 rem
373 1725 420 1798 ad
438 1724 628 1798 vertebras
662 1723 809 1798 infimas
834 1727 1020 1825 praecipue
1046 1742 1082 1798 et
1108 1725 1156 1798 ad
1182 1729 1280 1799 sacri

272 1845 365 1926 ossis
391 1843 510 1915 basim
535 1859 745 1930 extensum,
775 1841 869 1914 forte
887 1841 934 1915 ab
952 1842 1280 1916 haemorrhoidalis

270 1955 374 2032 venae
390 1976 525 2032 trunco
545 1974 709 2057 repetas,
724 1959 830 2056 cujus
844 1958 988 2032 radices
1001 1959 1096 2032 adeo
1113 1959 1280 2034 diximus

272 2079 384 2150 fuisse
401 2091 612 2175 turgentem
630 2101 716 2147 nam
736 2091 820 2175 post
839 2072 994 2148 effusam
1011 2091 1154 2150 tantam
1174 2077 1279 2150 illam

274 2194 465 2292 sanguinis
481 2195 575 2280 vim,
592 2193 694 2264 haud
711 2208 811 2266 certe
827 2193 989 2291 amplius
1001 2193 1229 2294 turgebant,
1246 2211 1281 2268 et

274 2311 532 2412 cummaxime
550 2326 763 2408 turgerent‚
782 2309 842 2381 vel
857 2325 955 2398 tum,
974 2292 1145 2409 quamvis
1162 2310 1279 2386 breve

272 2427 321 2500 ad
347 2443 518 2525 tempus,
544 2426 740 2508 acciderat¹
762 2442 804 2499 ut
829 2426 940 2498 dolor
969 2427 1160 2500 videretur
1197 2455 1279 2502 esse

270 2543 449 2618 sublatus.
458 2543 571 2634 Quod
585 2545 615 2615 si
627 2559 738 2616 aortae
750 2545 891 2656 arqriae
907 2569 975 2642 per
984 2545 1176 2618 vertebras
1188 2546 1275 2619 des-
1368 2535 1369 2554 i

267 2662 474 2748 cendentis,
491 2686 731 2759 aneurysma,
741 2661 799 2758 cuj
807 2686 848 2733 us
860 2715 870 2749 ‚
884 2677 1018 2760 praeter
1023 2663 1205 2758 jecinoris
1218 2679 1277 2736 tu·

268 2803 436 2862 morem,
452 2779 637 2862 nonnulla
655 2777 780 2850 adhuc
795 2778 903 2850 mihi
921 2780 1082 2877 suspicio
1098 2793 1171 2869 est,
1193 2807 1276 2854 non

269 2900 302 2972 is
318 2897 387 2970 tibi
406 2894 563 2971 morbus
577 2895 768 2982 videatur,
790 2896 896 2992 cujus
915 2893 1068 2969 effectus
1085 2897 1144 2970 vel
1160 2897 1277 2972 breve

271 3015 320 3088 ad
341 3031 488 3113 tempus
507 2999 626 3110 usque
646 3012 739 3086 adeo
760 3012 954 3084 obscurari
970 3015 1103 3112 possit,
1123 3039 1194 3087 nec
1213 3017 1279 3114 qui

248 3135 353 3230 ,sine
393 3134 474 3204 aliis
499 3129 671 3231 pluribus
701 3130 950 3230 gravibusque
977 3133 1090 3229 signis
1125 3135 1279 3234 concipi

271 3267 401 3350 queat;
419 3277 440 3322 a
457 3265 493 3322 te
513 3263 602 3347 peto
622 3246 887 3345 nequidquam
904 3263 1043 3320 statuas
1057 3250 1276 3348 priusquam

270 3367 371 3442 hauc
385 3368 518 3464 legeris
537 3391 620 3464 quae
636 3364 854 3462 subjicitur,
870 3363 1183 3452 observationem.

322 3511 378 3584 ²9·
406 3488 525 3556 Senex
545 3484 612 3581 qui
628 3483 717 3555 olim
749 3481 971 3556 credebatur
1001 3509 1044 3556 ex
1072 3483 1133 3555 lue
1163 3509 1276 3557 vene-

226 3681 228 3687 ,
269 3629 335 3679 rea
354 3601 559 3684 laborasse,
579 3601 718 3674 multos
733 3600 810 3697 jam
839 3600 918 3674 dies
947 3601 987 3672 in
1012 3599 1086 3674 hoc
1113 3600 1277 3674 cubabat

269 3718 512 3805 nosocomio,
530 3717 577 3788 de
594 3715 674 3790 aliis
690 3717 867 3790 omnibus
883 3734 1131 3816 conquestus,
1159 3743 1274 3816 quam

271 3865 355 3938 quae
386 3853 450 3910 aut
486 3835 531 3906 ad
562 3860 642 3906 eam
682 3835 802 3924 luem,
834 3850 898 3908 aut
931 3834 979 3905 ad
1007 3859 1187 3934 magnum
1218 3838 1275 3908 in·

270 3972 420 4034 ternum
441 3977 675 4051 ·aneurysma
698 3967 866 4052 spectare
900 3969 1044 4052 posset;
1074 3969 1176 4027 certe
1210 3979 1276 4028 au·

906 4187 913 4222 i
