2746 4674
312 413 380 500 ιιι
472 432 519 482 nr
545 425 692 481 srmnus
716 421 760 474 tr
785 427 909 476 muns
933 417 1142 476 ιιοιιιοιιιιιι

305 549 370 620 alii
380 561 597 646 ,quantum
611 547 691 643 ipse
709 543 842 633 sciret,
855 545 1043 618 intestinis
1062 565 1232 658 unquqm
1248 543 1298 612 in

306 665 454 738 clusum
480 665 761 762 comperissent.
792 667 876 734 Huc
902 663 1115 737 Vallisnerii
1143 659 1353 736 animad-

304 784 429 854 versio
450 781 604 855 dubiam
624 779 719 852 mibi
739 779 864 853 reddit
876 781 1108 878 propositam
1126 777 1178 852 ab
1192 779 1299 852 lledio

306 915 558 981 structuram,
575 899 720 996 quippe
738 921 826 970 cum
842 897 1025 974 teretibus
1044 898 1300 972 intestinorum

194 1068 198 1083 ι
305 1017 516 1104 vermibus,
530 1031 573 1088 ut
588 1014 636 1088 ab
654 1013 774 1086 Redio
791 1017 874 1114 ipso
897 1015 1181 1103 describuntur,
1195 1013 1301 1088 ferme

307 1157 548 1207 communem
562 1160 580 1221 ;·
593 1149 637 1205 ut
654 1132 716 1205 illa
733 1147 950 1231 preteream
965 1157 1047 1232 quse
1074 1131 1123 1206 ab
1143 1133 1299 1230 descrip-

306 1252 412 1324 tione
428 1248 499 1326 bac
513 1250 771 1324 dissentientia
787 1249 980 1324 adnotavit
994 1249 1297 1348 Vallisueriusp).

306 1371 449 1441 Verum
462 1383 508 1440 ut
521 1369 650 1440 omnia
662 1366 710 1439 de
727 1366 920 1442 rcuelibus
934 1367 1130 1442 vermibus
1138 1370 1225 1442 satis
1236 1391 1301 1440 cer·

307 1500 346 1560 te
364 1501 401 1558 et
419 1487 628 1558 constantia
659 1493 803 1574 essent3
830 1499 957 1558 tamen
979 1486 1133 1557 illorum
1153 1487 1302 1587 parvitas

309 1604 427 1702 quiin
444 1605 489 1676 iis
506 1601 716 1675 tuberculis
727 1625 865 1675 cauum
879 1617 984 1692 sunt,
996 1606 1300 1678 necessariarum·

307 1721 407 1792 timae
424 1719 917 1817 fabricmscomptrationem
935 1717 1204 1819 perdifficilem
1226 1717 1355 1826 rcd·

307 1820 425 1910 deret.
439 1840 563 1928 Quem
586 1835 759 1908 laborem
775 1836 870 1910 aliis
876 1838 1003 1910 minus
1023 1861 1141 1936 quem
1161 1861 1231 1912 nos
1244 1859 1299 1909 ot·
1354 1845 1355 1922 J

309 1955 454 2052 cupatis
472 1953 755 2049 relinquentes,
771 1953 976 2027 intereaad
990 1955 1099 2044 alin,
1111 1969 1155 2028 ut
1174 1953 1300 2054 proni

308 2073 446 2160 sunus,
470 2070 649 2142 Valsalvae
675 2069 848 2144 historias
871 2087 1125 2163 transeamus,
1157 2074 1198 2146 in
1227 2070 1300 2170 qui·

308 2186 382 2260 bus
399 2186 618 2259 lumborum
630 2186 803 2260 dolorem
822 2212 843 2260 a
862 2191 985 2262 crusis
998 2165 1103 2262 extre
1120 2213 1231 2264 renes
1247 2209 1301 2288 pu

309 2307 389 2380 sitis
406 2303 668 2392 observaverit.

356 2447 393 2520 p
419 2423 535 2520 Virgo
551 2447 739 2495 annorum
758 2424 908 2498 circiter
924 2425 1058 2522 viginti
1070 2440 1251 2524 qustum,
1261 2419 1300 2494 ab

258 2635 263 2642 Ι
310 2536 386 2618 alto
403 2539 558 2628 cadens,
576 2556 752 2639 gravante
764 2541 810 2613 ad
826 2538 978 2614 lumbos
990 2541 1123 2616 dolore
1145 2557 1184 2616 et
1210 2539 1301 2614 febre
1355 2557 1356 2604 i

311 2654 480 2757 efficitur.
500 2661 642 2730 llorum
662 2673 868 2756 utrumque
887 2659 1122 2757 aliquantum
1143 2655 1299 2741 mitescit.

310 2779 453 2848 Verum
473 2775 616 2874 aliquot
634 2791 721 2874 post
739 2773 874 2850 diebus
897 2776 1188 2867 recrudescens,
1209 2797 1302 2852 acco

312 2892 428 2964 dente
441 2917 553 2965 sensu
571 2893 750 2991 ponderis
764 2893 804 2963 in
818 2881 1083 2983 ventris'cnvt),
1101 2895 1257 2980 vomitu,
1271 2902 1302 2960 et

313 3007 523 3104 dejectione
540 3009 656 3082 modo
669 3009 817 3098 viridis,
831 3010 947 3085 modo
963 3011 1184 3111 nigricantis
1199 3022 1302 3084 mete·

313 3126 395 3210 rite,
411 3125 563 3200 tandem
578 3126 654 3197 ed
644 3127 838 3197 interitum
849 3127 1037 3244 perducit.

363 3245 465 3314 Dum
478 3260 611 3316 venter
625 3258 793 3332 secatur,
806 3244 910 3322 illico
924 3246 1058 3319 sanies
1061 3243 1202 3333 effluit,
1211 3263 1303 3340 φη,

311 3361 482 3458 spongiis
510 3358 685 3448 collecta,
707 3375 793 3432 octo
817 3363 966 3438 circiter
990 3362 1107 3437 libres
1134 3355 1302 3490 pependit

315 3491 404 3548 tuta.
422 3459 607 3564 Intestina
612 3493 722 3548 eraut
732 3479 833 3550 inter
848 3503 886 3552 se
898 3503 969 3611 per
981 3481 1145 3556 tunicam
1161 3475 1303 3566 extruo·

314 3620 396 3668 rem
416 3617 606 3720 connexa,
621 3594 675 3666 sic
690 3611 833 3684 tamen,
845 3611 887 3670 ut
898 3598 943 3670 ιιι
961 3622 1092 3688 eorum
1106 3591 1303 3670 interstitiis

359 3962 400 4042 (1)
422 3963 797 4038 Miglioramentid'slcunc
809 3970 1153 4052 essetvttt·‚(ltll'tdl‚.n·
1170 3972 1213 4030 tl.
