2740 4670
279 419 349 496 330
444 437 490 490 on
516 437 663 489 sturnus·
688 437 731 487 rr
757 409 880 488 causis
905 434 1113 486 nostorum

280 555 507 652 catheterem
534 551 876 650 fregisset,·secuta
897 550 990 628 vidit
1015 557 1136 625 urinae
1154 575 1272 628 emec-

279 682 416 748 tinnem
435 696 515 744 non
533 672 650 746 modo
669 694 836 744 eruorem
852 670 1031 769 aliquan,
1057 669 1121 742 sed
1145 686 1182 742 et
1197 693 1272 741 oar-

278 799 334 874 nis
342 793 574 886 fragmenta.
598 789 764 860 Omnino
783 789 848 886 qui
875 789 1098 866 carrucatas
1117 790 1158 860 in
1174 788 1273 863 cada-

244 971 246 975 .
279 909 447 994 veribus,
458 909 540 1004 quae
560 906 765 982 certissima
782 905 848 982 has
857 903 1082 996 observandi
1099 907 1194 982 ratio
1208 920 1274 994 est,
1366 953 1367 964 κ

281 1023 627 1122 deprehenderint,
668 1023 788 1098 multo
824 1024 1022 1122 pauciores
1053 1039 1142 1100 sunt
1167 1047 1273 1120 quam

279 1141 433 1217 credere
451 1140 601 1220 videtur
620 1124 836 1229 Genselius,
852 1141 884 1214 si
895 1165 959 1214 eos
979 1167 1140 1240 seponas
1157 1143 1274 1238 quint
1366 1129 1367 1210 i

278 1259 548 1338 excrescentias
567 1283 720 1332 carneas
745 1261 784 1332 in
810 1257 965 1336 uretlssa
993 1260 1274 1358 conspexerint3

277 1377 359 1458 illas
377 1391 502 1448 tamen
519 1401 598 1454 uon
618 1377 717 1450 intra
733 1375 832 1455 hanc
851 1393 976 1465 natas,
995 1376 1042 1452 de
1063 1376 1204 1474 quibus
1218 1375 1274 1450 hie

278 1495 499 1591 quaerimuS,
526 1493 590 1569 sed
608 1519 653 1572 ex
679 1495 816 1584 vesica,
848 1495 951 1570 unde
980 1495 1218 1584 oriebantur,
1238 1494 1275 1568 in
1366 1553 1367 1556 ,

279 1611 474 1704 urethratn
505 1610 787 1712 propendentes
810 1613 1166 1688 animadverterunt.
1194 1616 1276 1704 Quat

231 1733 233 1738 '
279 1751 366 1803 cum
384 1731 435 1810 ita
452 1731 706 1820 sint,n1iuus,
721 1746 763 1804 ut
780 1745 875 1830 puto
889 1768 899 1819 ,·
913 1729 1133 1818 miraberis,
1152 1731 1184 1806 si
1197 1725 1276 1801 cum

278 1862 336 1918 tot
356 1845 530 1928 urethras
554 1871 600 1920 ex
623 1871 701 1944 quo
723 1845 915 1928 anatomes
938 1843 1063 1949 studio
1088 1873 1150 1923 me
1179 1845 1276 1931 dedi,

279 1979 420 2045 attente
443 1964 693 2062 inspexerim,
718 1981 755 2041 et
785 1967 988 2064 quotannis
1020 1963 1147 2039 adhuc
1167 1963 1275 2062 inspi·
1366 2031 1367 2040 ,

223 2079 224 2083 ’
280 2083 394 2171 ciam3
415 2082 477 2162 vix
503 2104 618 2155 unam
646 2082 778 2156 dixero
797 2097 935 2156 certain
963 2081 1056 2158 mihi
1074 2107 1155 2157 esse
1167 2083 1212 2158 'in
1237 2105 1275 2152 ea
1366 2129 1367 2144 ,

279 2198 581 2272 observationem
601 2223 742 2274 carneae
763 2201 1037 2290 excrescentis,
1049 2225 1135 2272 cum
1155 2201 1275 2299 plures

282 2318 356 2388 siut
380 2317 616 2406 cicatricum,
634 2333 670 2390 et
691 2319 1014 2422 coarctatiouum,
1041 2341 1200 2416 easque,
1220 2315 1275 2392 illa

278 2457 369 2522 una,
388 2457 467 2506 non
489 2411 575 2508 sine'
586 2435 644 2507 his
661 2432 783 2514 fuerit.
1037 2531 1052 2564 ι

292 2731 296 2741 ,
327 2651 383 2756 39.
403 2655 556 2738 Juvenis
579 2677 624 2724 ex
638 2655 769 2752 capitis
783 2653 941 2731 vulnere
958 2655 999 2726 in
1017 2651 1092 2726 hoc
1122 2674 1276 2745 nosoco-

186 2787 188 2797 ‘
269 2769 538 2857 'minmortuus
557 2786 612 2841 est
627 2771 725 2842 circa
742 2769 910 2843 medium
928 2767 1170 2844 decembrem
1194 2766 1275 2842 anni

264 2901 384 2992 ¹7¹7·
404 2889 557 2970 Ventris
578 2885 758 2964 duntaxat
776 2868 1003 2978 visceribus,
1021 2901 1057 2958 et
1076 2909 1214 2984 magna
1228 2909 1277 2968 ar·

278 3007 387 3095 teria,
399 3005 621 3107 etlarynge,
639 3007 679 3076 in
694 3007 860 3106 quoruni
877 3006 1047 3078 examine
1067 2989 1159 3075 tunc
1180 3025 1275 3075 eram

277 3138 400 3213 totus,
418 3125 524 3221 prius
543 3124 743 3224 diligenter
761 3126 957 3224 inspectis,
976 3138 1014 3196 et
1034 3125 1078 3196 iis
1102 3123 1170 3220 qni
1193 3121 1275 3193 ade·

277 3257 383 3331 rant,
405 3240 683 3338 demonstratis,
697 3228 776 3313 haee
787 3257 921 3340 praeter
935 3257 1108 3314 naturam
1126 3237 1274 3312 offendi.

275 3358 519 3432 Ventriculus
532 3376 612 3430 erat
631 3360 946 3458 amplus,vixque
963 3361 1051 3436 ullis
1063 3381 1151 3430 cum
1166 3358 1272 3456 rugis.

276 3483 402 3576 Hepar
416 3499 526 3575 aquo
536 3478 675 3574 majus,
693 3492 736 3552 ut
746 3478 827 3575 ejus
836 3501 992 3575 quoque
1002 3477 1148 3551 arteria.
1159 3481 1275 3550 Renes

278 3595 507 3684 cicatricosi3
533 3594 598 3667 sed
625 3597 733 3694 penis
764 3596 868 3694 glans
899 3596 1038 3694 magis,
1066 3596 1210 3694 quippe
1230 3589 1273 3662 ob

277 3721 430 3812 magnas
449 3713 641 3785 cicatrices
654 3695 828 3785 informis
842 3709 957 3802 facta,
974 3730 1012 3785 et
1030 3713 1172 3811 exigua.
1187 3707 1273 3782 Inde

275 3831 431 3904 urethra
448 3829 496 3900 ad
522 3831 669 3901 tertiam
695 3855 815 3930 usque
835 3856 908 3904 suae
925 3830 1173 3930 longitudinis
1193 3851 1273 3927 par·

274 3942 355 4028 'tem
383 3962 569 4022 coarctata
589 3963 674 4020 *erat
692 3947 1018 4056 manifestissime:
1040 3973 1167 4048 neque
1181 3945 1273 4026 ullus
