<?xml version="1.0" encoding="UTF-8"?>
<!DOCTYPE html PUBLIC "-//W3C//DTD XHTML 1.0 Transitional//EN"
    "http://www.w3.org/TR/xhtml1/DTD/xhtml1-transitional.dtd">
<html xmlns="http://www.w3.org/1999/xhtml" xml:lang="en" lang="en">
 <head>
  <title>
</title>
<meta http-equiv="Content-Type" content="text/html;charset=utf-8" />
  <meta name='ocr-system' content='tesseract 3.04.00' />
  <meta name='ocr-capabilities' content='ocr_page ocr_carea ocr_par ocr_line ocrx_word'/>
</head>
<body>
  <div class='ocr_page' id='page_1' title='image "./desedibusetcaus05adelgoog_0444.png"; bbox 0 0 2790 4668; ppageno 0'>
   <div class='ocr_carea' id='block_1_1' title="bbox 128 451 1063 550">
    <p class='ocr_par' dir='ltr' id='par_1_1' title="bbox 128 451 1063 550">
     <span class='ocr_line' id='line_1_1' title="bbox 128 451 1063 550; baseline 0.006 -22"><span class='ocrx_word' id='word_1_1' title='bbox 128 473 191 528; x_wconf 82' lang='lat' dir='ltr'>tiu.</span> <span class='ocrx_word' id='word_1_2' title='bbox 219 470 274 532; x_wconf 83' lang='lat' dir='ltr'>tn.</span> <span class='ocrx_word' id='word_1_3' title='bbox 303 473 349 530; x_wconf 76' lang='lat' dir='ltr'>br</span> <span class='ocrx_word' id='word_1_4' title='bbox 375 471 510 530; x_wconf 72' lang='lat' dir='ltr'>nonnis</span> <span class='ocrx_word' id='word_1_5' title='bbox 530 471 697 544; x_wconf 74' lang='lat' dir='ltr'>vturnts,</span> <span class='ocrx_word' id='word_1_6' title='bbox 725 483 834 532; x_wconf 77' lang='lat' dir='ltr'>arist.</span> <span class='ocrx_word' id='word_1_7' title='bbox 862 485 964 530; x_wconf 75' lang='lat' dir='ltr'>xarn.</span> <span class='ocrx_word' id='word_1_8' title='bbox 993 451 1063 550; x_wconf 55' lang='lat'>[³143</span> 
     </span>
    </p>
   </div>
   <div class='ocr_carea' id='block_1_2' title="bbox 77 577 1106 2346">
    <p class='ocr_par' dir='ltr' id='par_1_2' title="bbox 77 577 1106 2346">
     <span class='ocr_line' id='line_1_2' title="bbox 78 577 1063 695; baseline 0.001 -28"><span class='ocrx_word' id='word_1_9' title='bbox 78 621 170 684; x_wconf 85' lang='lat' dir='ltr'>esse,</span> <span class='ocrx_word' id='word_1_10' title='bbox 190 595 293 694; x_wconf 90' lang='lat' dir='ltr'>quod</span> <span class='ocrx_word' id='word_1_11' title='bbox 311 599 335 688; x_wconf 72' lang='lat' dir='ltr'>S</span> <span class='ocrx_word' id='word_1_12' title='bbox 352 624 393 684; x_wconf 82' lang='lat' dir='ltr'>a,</span> <span class='ocrx_word' id='word_1_13' title='bbox 412 597 490 668; x_wconf 92' lang='lat' dir='ltr'>obs.</span> <span class='ocrx_word' id='word_1_14' title='bbox 511 577 578 670; x_wconf 61' lang='grc' dir='ltr'>ΧΥ</span> <span class='ocrx_word' id='word_1_15' title='bbox 597 599 760 694; x_wconf 86' lang='lat' dir='ltr'>positum</span> <span class='ocrx_word' id='word_1_16' title='bbox 780 595 919 688; x_wconf 89' lang='lat' dir='ltr'>fuerat,</span> <span class='ocrx_word' id='word_1_17' title='bbox 948 624 1063 695; x_wconf 90' lang='lat' dir='ltr'>quam</span> 
     </span>
     <span class='ocr_line' id='line_1_3' title="bbox 77 713 1064 814; baseline 0.001 -30"><span class='ocrx_word' id='word_1_18' title='bbox 77 717 110 784; x_wconf 91' lang='lat' dir='ltr'>in</span> <span class='ocrx_word' id='word_1_19' title='bbox 130 739 201 785; x_wconf 90' lang='lat' dir='ltr'>una</span> <span class='ocrx_word' id='word_1_20' title='bbox 230 713 437 810; x_wconf 81' lang='lat' dir='ltr'>eademque</span> <span class='ocrx_word' id='word_1_21' title='bbox 464 717 598 812; x_wconf 81' lang='lat' dir='ltr'>pagina</span> <span class='ocrx_word' id='word_1_22' title='bbox 623 715 722 788; x_wconf 88' lang='lat' dir='ltr'>idem</span> <span class='ocrx_word' id='word_1_23' title='bbox 749 719 788 786; x_wconf 92' lang='lat' dir='ltr'>in</span> <span class='ocrx_word' id='word_1_24' title='bbox 809 717 933 814; x_wconf 86' lang='lat' dir='ltr'>prima</span> <span class='ocrx_word' id='word_1_25' title='bbox 959 731 1064 813; x_wconf 85' lang='lat' dir='ltr'>parte</span> 
     </span>
     <span class='ocr_line' id='line_1_4' title="bbox 78 831 1064 934; baseline 0 -32"><span class='ocrx_word' id='word_1_26' title='bbox 78 831 201 902; x_wconf 86' lang='lat' dir='ltr'>scholii</span> <span class='ocrx_word' id='word_1_27' title='bbox 213 831 295 924; x_wconf 78' lang='lat' dir='ltr'>ad§</span> <span class='ocrx_word' id='word_1_28' title='bbox 309 859 348 917; x_wconf 78' lang='lat' dir='ltr'>a,</span> <span class='ocrx_word' id='word_1_29' title='bbox 367 831 445 902; x_wconf 86' lang='lat' dir='ltr'>obs.</span> <span class='ocrx_word' id='word_1_30' title='bbox 467 835 571 902; x_wconf 85' lang='lat' dir='ltr'>XXII</span> <span class='ocrx_word' id='word_1_31' title='bbox 581 835 736 904; x_wconf 88' lang='lat' dir='ltr'>rescribi</span> <span class='ocrx_word' id='word_1_32' title='bbox 756 834 860 931; x_wconf 91' lang='lat' dir='ltr'>quod</span> <span class='ocrx_word' id='word_1_33' title='bbox 882 836 1064 934; x_wconf 88' lang='lat' dir='ltr'>scriptum</span> 
     </span>
     <span class='ocr_line' id='line_1_5' title="bbox 79 947 1064 1050; baseline 0.002 -32"><span class='ocrx_word' id='word_1_34' title='bbox 79 948 225 1018; x_wconf 87' lang='lat' dir='ltr'>modum</span> <span class='ocrx_word' id='word_1_35' title='bbox 242 947 362 1020; x_wconf 82' lang='lat' dir='ltr'>fuerat</span> <span class='ocrx_word' id='word_1_36' title='bbox 385 951 426 1018; x_wconf 89' lang='lat' dir='ltr'>in</span> <span class='ocrx_word' id='word_1_37' title='bbox 453 949 617 1020; x_wconf 89' lang='lat' dir='ltr'>secunda</span> <span class='ocrx_word' id='word_1_38' title='bbox 644 949 777 1021; x_wconf 86' lang='lat' dir='ltr'>scholii</span> <span class='ocrx_word' id='word_1_39' title='bbox 793 967 896 1050; x_wconf 90' lang='lat' dir='ltr'>parte</span> <span class='ocrx_word' id='word_1_40' title='bbox 914 952 958 1022; x_wconf 88' lang='lat' dir='ltr'>ad</span> <span class='ocrx_word' id='word_1_41' title='bbox 984 953 1007 1043; x_wconf 64' lang='lat' dir='ltr'>g</span> <span class='ocrx_word' id='word_1_42' title='bbox 1035 976 1064 1020; x_wconf 84' lang='lat'>1.</span> 
     </span>
     <span class='ocr_line' id='line_1_6' title="bbox 77 1067 1068 1168; baseline 0.005 -33"><span class='ocrx_word' id='word_1_43' title='bbox 77 1070 197 1164; x_wconf 88' lang='lat' dir='ltr'><strong>Neque</strong></span> <span class='ocrx_word' id='word_1_44' title='bbox 216 1067 318 1139; x_wconf 90' lang='lat' dir='ltr'>dicas</span> <span class='ocrx_word' id='word_1_45' title='bbox 343 1092 362 1137; x_wconf 89' lang='lat' dir='ltr'>a</span> <span class='ocrx_word' id='word_1_46' title='bbox 387 1091 445 1139; x_wconf 91' lang='lat' dir='ltr'>me</span> <span class='ocrx_word' id='word_1_47' title='bbox 470 1069 607 1165; x_wconf 88' lang='lat' dir='ltr'>pariter</span> <span class='ocrx_word' id='word_1_48' title='bbox 625 1072 662 1139; x_wconf 93' lang='lat' dir='ltr'>in</span> <span class='ocrx_word' id='word_1_49' title='bbox 687 1069 756 1140; x_wconf 90' lang='lat' dir='ltr'>hac</span> <span class='ocrx_word' id='word_1_50' title='bbox 782 1071 936 1168; x_wconf 87' lang='lat' dir='ltr'>epistola</span> <span class='ocrx_word' id='word_1_51' title='bbox 962 1094 1068 1166; x_wconf 90' lang='lat' dir='ltr'>repe·</span> 
     </span>
     <span class='ocr_line' id='line_1_7' title="bbox 77 1185 1068 1289; baseline 0.004 -35"><span class='ocrx_word' id='word_1_52' title='bbox 77 1185 136 1254; x_wconf 88' lang='lat' dir='ltr'>tita</span> <span class='ocrx_word' id='word_1_53' title='bbox 156 1209 234 1256; x_wconf 89' lang='lat' dir='ltr'>esse</span> <span class='ocrx_word' id='word_1_54' title='bbox 252 1185 380 1282; x_wconf 87' lang='lat' dir='ltr'>plura,</span> <span class='ocrx_word' id='word_1_55' title='bbox 402 1187 539 1282; x_wconf 87' lang='lat' dir='ltr'>quaein</span> <span class='ocrx_word' id='word_1_56' title='bbox 558 1187 655 1269; x_wconf 86' lang='lat' dir='ltr'>aiiis,</span> <span class='ocrx_word' id='word_1_57' title='bbox 671 1211 776 1273; x_wconf 89' lang='lat' dir='ltr'>mea,</span> <span class='ocrx_word' id='word_1_58' title='bbox 804 1203 865 1289; x_wconf 79' lang='lat' dir='ltr'>aut</span> <span class='ocrx_word' id='word_1_59' title='bbox 891 1189 1068 1259; x_wconf 87' lang='lat' dir='ltr'>Valsalvae</span> 
     </span>
     <span class='ocr_line' id='line_1_8' title="bbox 79 1301 1070 1401; baseline 0.01 -31"><span class='ocrx_word' id='word_1_60' title='bbox 79 1301 265 1374; x_wconf 88' lang='lat' dir='ltr'>observata</span> <span class='ocrx_word' id='word_1_61' title='bbox 290 1327 468 1392; x_wconf 89' lang='lat' dir='ltr'>narrans,</span> <span class='ocrx_word' id='word_1_62' title='bbox 508 1328 790 1401; x_wconf 83' lang='lat' dir='ltr'>proposueram.</span> <span class='ocrx_word' id='word_1_63' title='bbox 831 1305 937 1376; x_wconf 84' lang='lat' dir='ltr'>Aliud</span> <span class='ocrx_word' id='word_1_64' title='bbox 969 1307 1070 1380; x_wconf 85' lang='lat' dir='ltr'>enim</span> 
     </span>
     <span class='ocr_line' id='line_1_9' title="bbox 78 1407 1071 1521; baseline 0.003 -31"><span class='ocrx_word' id='word_1_65' title='bbox 78 1435 128 1490; x_wconf 83' lang='lat' dir='ltr'>est</span> <span class='ocrx_word' id='word_1_66' title='bbox 143 1443 223 1516; x_wconf 67' lang='lat' dir='ltr'>qun</span> <span class='ocrx_word' id='word_1_67' title='bbox 239 1422 317 1517; x_wconf 80' lang='lat' dir='ltr'>jam</span> <span class='ocrx_word' id='word_1_68' title='bbox 339 1407 424 1492; x_wconf 82' lang='lat' dir='ltr'>satis</span> <span class='ocrx_word' id='word_1_69' title='bbox 439 1421 537 1492; x_wconf 89' lang='lat' dir='ltr'>dicta</span> <span class='ocrx_word' id='word_1_70' title='bbox 557 1437 665 1509; x_wconf 85' lang='lat' dir='ltr'>sunt,</span> <span class='ocrx_word' id='word_1_71' title='bbox 693 1424 848 1512; x_wconf 77' lang='lat' dir='ltr'>iterare,</span> <span class='ocrx_word' id='word_1_72' title='bbox 866 1423 968 1494; x_wconf 86' lang='lat' dir='ltr'>aiiud</span> <span class='ocrx_word' id='word_1_73' title='bbox 989 1447 1071 1521; x_wconf 81' lang='lat' dir='ltr'>quae</span> 
     </span>
     <span class='ocr_line' id='line_1_10' title="bbox 78 1539 1071 1636; baseline 0.006 -30"><span class='ocrx_word' id='word_1_74' title='bbox 78 1551 118 1607; x_wconf 84' lang='lat' dir='ltr'>ne</span> <span class='ocrx_word' id='word_1_75' title='bbox 132 1539 266 1634; x_wconf 80' lang='lat' dir='ltr'>passim</span> <span class='ocrx_word' id='word_1_76' title='bbox 282 1539 586 1636; x_wconf 73' lang='lat' dir='ltr'>discerperentur</span> <span class='ocrx_word' id='word_1_77' title='bbox 596 1540 902 1628; x_wconf 86' lang='lat' dir='ltr'>observationes,</span> <span class='ocrx_word' id='word_1_78' title='bbox 920 1541 1008 1612; x_wconf 88' lang='lat' dir='ltr'>alibi</span> <span class='ocrx_word' id='word_1_79' title='bbox 1024 1541 1071 1612; x_wconf 91' lang='lat' dir='ltr'>ad</span> 
     </span>
     <span class='ocr_line' id='line_1_11' title="bbox 78 1647 1072 1768; baseline 0.009 -46"><span class='ocrx_word' id='word_1_80' title='bbox 78 1655 166 1751; x_wconf 88' lang='lat' dir='ltr'>ipsas</span> <span class='ocrx_word' id='word_1_81' title='bbox 194 1647 399 1754; x_wconf 68' lang='lat' dir='ltr'>explendas</span> <span class='ocrx_word' id='word_1_82' title='bbox 431 1657 563 1728; x_wconf 83' lang='lat' dir='ltr'>tradita</span> <span class='ocrx_word' id='word_1_83' title='bbox 590 1673 699 1744; x_wconf 88' lang='lat' dir='ltr'>sunt,</span> <span class='ocrx_word' id='word_1_84' title='bbox 730 1661 940 1730; x_wconf 83' lang='lat' dir='ltr'>summatim</span> <span class='ocrx_word' id='word_1_85' title='bbox 963 1683 1072 1768; x_wconf 79' lang='lat' dir='ltr'>pers-</span> 
     </span>
     <span class='ocr_line' id='line_1_12' title="bbox 79 1773 1074 1874; baseline 0.005 -34"><span class='ocrx_word' id='word_1_86' title='bbox 79 1773 254 1872; x_wconf 79' lang='lat' dir='ltr'>tringere,</span> <span class='ocrx_word' id='word_1_87' title='bbox 295 1791 336 1846; x_wconf 86' lang='lat' dir='ltr'>ut</span> <span class='ocrx_word' id='word_1_88' title='bbox 368 1779 638 1874; x_wconf 86' lang='lat' dir='ltr'>oportuniore,</span> <span class='ocrx_word' id='word_1_89' title='bbox 666 1775 986 1874; x_wconf 80' lang='lat' dir='ltr'>quemadmodum</span> <span class='ocrx_word' id='word_1_90' title='bbox 999 1842 1005 1855; x_wconf 23' lang='grc' dir='ltr'>χ</span> <span class='ocrx_word' id='word_1_91' title='bbox 1020 1775 1074 1848; x_wconf 89' lang='lat' dir='ltr'>ibi</span> 
     </span>
     <span class='ocr_line' id='line_1_13' title="bbox 80 1891 1074 1994; baseline 0.007 -36"><span class='ocrx_word' id='word_1_92' title='bbox 80 1893 296 1985; x_wconf 83' lang='lat' dir='ltr'>promissum</span> <span class='ocrx_word' id='word_1_93' title='bbox 310 1917 409 1991; x_wconf 76' lang='lat' dir='ltr'>saepe</span> <span class='ocrx_word' id='word_1_94' title='bbox 428 1891 566 1982; x_wconf 85' lang='lat' dir='ltr'>fuerat,</span> <span class='ocrx_word' id='word_1_95' title='bbox 584 1896 667 1966; x_wconf 87' lang='lat' dir='ltr'>loco</span> <span class='ocrx_word' id='word_1_96' title='bbox 686 1895 977 1994; x_wconf 73' lang='lat' dir='ltr'>perpendantur.</span> <span class='ocrx_word' id='word_1_97' title='bbox 996 1901 1074 1967; x_wconf 86' lang='lat' dir='ltr'>Mo-</span> 
     </span>
     <span class='ocr_line' id='line_1_14' title="bbox 80 2008 1106 2110; baseline 0.006 -34"><span class='ocrx_word' id='word_1_98' title='bbox 80 2031 150 2077; x_wconf 83' lang='lat' dir='ltr'>rem</span> <span class='ocrx_word' id='word_1_99' title='bbox 162 2008 286 2098; x_wconf 86' lang='lat' dir='ltr'>bunc,</span> <span class='ocrx_word' id='word_1_100' title='bbox 302 2025 356 2096; x_wconf 85' lang='lat' dir='ltr'>te,</span> <span class='ocrx_word' id='word_1_101' title='bbox 372 2025 417 2081; x_wconf 81' lang='lat' dir='ltr'>ut</span> <span class='ocrx_word' id='word_1_102' title='bbox 430 2033 579 2108; x_wconf 84' lang='lat' dir='ltr'>sperare</span> <span class='ocrx_word' id='word_1_103' title='bbox 592 2013 696 2108; x_wconf 89' lang='lat' dir='ltr'>juvat</span> <span class='ocrx_word' id='word_1_104' title='bbox 710 2067 719 2100; x_wconf 95' lang='lat'>,</span> <span class='ocrx_word' id='word_1_105' title='bbox 732 2013 939 2110; x_wconf 85' lang='lat' dir='ltr'>probante,</span> <span class='ocrx_word' id='word_1_106' title='bbox 959 2037 1075 2084; x_wconf 88' lang='lat' dir='ltr'>serva·</span> <span class='ocrx_word' id='word_1_107' title='bbox 1103 2069 1106 2074; x_wconf 93' lang='lat'>.</span> 
     </span>
     <span class='ocr_line' id='line_1_15' title="bbox 80 2123 1075 2226; baseline 0.006 -30"><span class='ocrx_word' id='word_1_108' title='bbox 80 2123 336 2218; x_wconf 79' lang='lat' dir='ltr'>bimus3ilium</span> <span class='ocrx_word' id='word_1_109' title='bbox 358 2151 468 2214; x_wconf 84' lang='lat' dir='ltr'>vero,</span> <span class='ocrx_word' id='word_1_110' title='bbox 486 2155 602 2226; x_wconf 88' lang='lat' dir='ltr'>quem</span> <span class='ocrx_word' id='word_1_111' title='bbox 628 2131 729 2202; x_wconf 88' lang='lat' dir='ltr'>haud</span> <span class='ocrx_word' id='word_1_112' title='bbox 759 2131 975 2203; x_wconf 84' lang='lat' dir='ltr'>dubitamus</span> <span class='ocrx_word' id='word_1_113' title='bbox 1000 2148 1075 2202; x_wconf 87' lang='lat' dir='ltr'>ate</span> 
     </span>
     <span class='ocr_line' id='line_1_16' title="bbox 82 2246 1056 2346; baseline 0.005 -33"><span class='ocrx_word' id='word_1_114' title='bbox 82 2265 224 2342; x_wconf 89' lang='lat' dir='ltr'>quoque</span> <span class='ocrx_word' id='word_1_115' title='bbox 243 2247 370 2316; x_wconf 81' lang='lat' dir='ltr'>minus</span> <span class='ocrx_word' id='word_1_116' title='bbox 388 2247 560 2344; x_wconf 84' lang='lat' dir='ltr'>probari,</span> <span class='ocrx_word' id='word_1_117' title='bbox 575 2273 652 2318; x_wconf 90' lang='lat' dir='ltr'>non</span> <span class='ocrx_word' id='word_1_118' title='bbox 667 2273 880 2346; x_wconf 86' lang='lat' dir='ltr'>sequemur.</span> <span class='ocrx_word' id='word_1_119' title='bbox 900 2247 1013 2345; x_wconf 86' lang='lat' dir='ltr'>Vale(</span> <span class='ocrx_word' id='word_1_120' title='bbox 1032 2246 1056 2346; x_wconf 85' lang='lat'>).</span> 
     </span>
    </p>
   </div>
   <div class='ocr_carea' id='block_1_3' title="bbox 80 2567 1138 3852">
    <p class='ocr_par' dir='ltr' id='par_1_3' title="bbox 80 2567 1138 3852">
     <span class='ocr_line' id='line_1_17' title="bbox 115 2567 1080 2650; baseline 0.002 -22"><span class='ocrx_word' id='word_1_121' title='bbox 115 2568 162 2646; x_wconf 77' lang='lat'>(*)</span> <span class='ocrx_word' id='word_1_122' title='bbox 180 2572 264 2650; x_wconf 76' lang='lat' dir='ltr'>Saepe</span> <span class='ocrx_word' id='word_1_123' title='bbox 278 2574 388 2629; x_wconf 70' lang='lat' dir='ltr'>&#39;multas</span> <span class='ocrx_word' id='word_1_124' title='bbox 403 2582 431 2626; x_wconf 90' lang='lat' dir='ltr'>et</span> <span class='ocrx_word' id='word_1_125' title='bbox 452 2587 574 2649; x_wconf 79' lang='lat' dir='ltr'>magnas</span> <span class='ocrx_word' id='word_1_126' title='bbox 594 2567 773 2636; x_wconf 64' lang='lat' dir='ltr'>indictiones</span> <span class='ocrx_word' id='word_1_127' title='bbox 794 2574 945 2648; x_wconf 75' lang='lat' dir='ltr'>experitur</span> <span class='ocrx_word' id='word_1_128' title='bbox 968 2575 1080 2648; x_wconf 82' lang='lat' dir='ltr'>epiploi</span> 
     </span>
     <span class='ocr_line' id='line_1_18' title="bbox 80 2668 1138 2756; baseline 0.008 -34"><span class='ocrx_word' id='word_1_129' title='bbox 80 2670 190 2742; x_wconf 86' lang='lat' dir='ltr'>portio,</span> <span class='ocrx_word' id='word_1_130' title='bbox 208 2673 319 2746; x_wconf 86' lang='lat' dir='ltr'>quaein</span> <span class='ocrx_word' id='word_1_131' title='bbox 336 2668 446 2728; x_wconf 88' lang='lat' dir='ltr'>herniae</span> <span class='ocrx_word' id='word_1_132' title='bbox 469 2674 585 2730; x_wconf 84' lang='lat' dir='ltr'>sacculo</span> <span class='ocrx_word' id='word_1_133' title='bbox 601 2673 781 2730; x_wconf 80' lang='lat' dir='ltr'>continetur.</span> <span class='ocrx_word' id='word_1_134' title='bbox 797 2673 983 2750; x_wconf 83' lang='lat' dir='ltr'>Quandoque</span> <span class='ocrx_word' id='word_1_135' title='bbox 994 2677 1082 2730; x_wconf 86' lang='lat' dir='ltr'>elon·</span> <span class='ocrx_word' id='word_1_136' title='bbox 1127 2742 1138 2756; x_wconf 37' lang='grc' dir='ltr'><em>Ι</em></span> 
     </span>
     <span class='ocr_line' id='line_1_19' title="bbox 81 2772 1082 2848; baseline 0.007 -27"><span class='ocrx_word' id='word_1_137' title='bbox 81 2777 178 2841; x_wconf 78' lang='lat' dir='ltr'>gatar,</span> <span class='ocrx_word' id='word_1_138' title='bbox 204 2783 257 2828; x_wconf 87' lang='lat' dir='ltr'>aut</span> <span class='ocrx_word' id='word_1_139' title='bbox 279 2774 362 2830; x_wconf 83' lang='lat' dir='ltr'>velut</span> <span class='ocrx_word' id='word_1_140' title='bbox 380 2772 459 2827; x_wconf 86' lang='lat' dir='ltr'>suuis</span> <span class='ocrx_word' id='word_1_141' title='bbox 483 2774 653 2848; x_wconf 60' lang='lat' dir='ltr'>elongatum</span> <span class='ocrx_word' id='word_1_142' title='bbox 679 2774 858 2846; x_wconf 88' lang='lat' dir='ltr'>quandoque</span> <span class='ocrx_word' id='word_1_143' title='bbox 874 2773 1036 2828; x_wconf 85' lang='lat' dir='ltr'>indurescit</span> <span class='ocrx_word' id='word_1_144' title='bbox 1052 2785 1082 2828; x_wconf 87' lang='lat' dir='ltr'>et</span> 
     </span>
     <span class='ocr_line' id='line_1_20' title="bbox 83 2861 1081 2954; baseline 0.007 -33"><span class='ocrx_word' id='word_1_145' title='bbox 83 2865 204 2926; x_wconf 79' lang='lat' dir='ltr'>skirrose</span> <span class='ocrx_word' id='word_1_146' title='bbox 227 2881 280 2928; x_wconf 84' lang='lat' dir='ltr'>aut</span> <span class='ocrx_word' id='word_1_147' title='bbox 297 2879 421 2954; x_wconf 82' lang='lat' dir='ltr'>carnosa</span> <span class='ocrx_word' id='word_1_148' title='bbox 439 2861 488 2942; x_wconf 78' lang='lat' dir='ltr'>iit,</span> <span class='ocrx_word' id='word_1_149' title='bbox 513 2873 598 2942; x_wconf 81' lang='lat' dir='ltr'>alias,</span> <span class='ocrx_word' id='word_1_150' title='bbox 616 2884 650 2927; x_wconf 89' lang='lat' dir='ltr'>ut</span> <span class='ocrx_word' id='word_1_151' title='bbox 668 2885 753 2928; x_wconf 82' lang='lat' dir='ltr'>notat</span> <span class='ocrx_word' id='word_1_152' title='bbox 772 2873 1004 2936; x_wconf 86' lang='lat' dir='ltr'>Schmuckerus,</span> <span class='ocrx_word' id='word_1_153' title='bbox 1028 2891 1081 2928; x_wconf 89' lang='lat' dir='ltr'>an-</span> 
     </span>
     <span class='ocr_line' id='line_1_21' title="bbox 82 2965 1080 3048; baseline 0.008 -28"><span class='ocrx_word' id='word_1_154' title='bbox 82 2969 147 3024; x_wconf 83' lang='lat' dir='ltr'>nulo</span> <span class='ocrx_word' id='word_1_155' title='bbox 155 2973 268 3027; x_wconf 82' lang='lat' dir='ltr'>autsiib</span> <span class='ocrx_word' id='word_1_156' title='bbox 280 2971 407 3048; x_wconf 76' lang='lat' dir='ltr'>ligarulo</span> <span class='ocrx_word' id='word_1_157' title='bbox 419 2965 593 3042; x_wconf 70' lang='lat' dir='ltr'>consutus,</span> <span class='ocrx_word' id='word_1_158' title='bbox 605 2971 743 3028; x_wconf 76' lang='lat' dir='ltr'>efformet</span> <span class='ocrx_word' id='word_1_159' title='bbox 752 2984 894 3027; x_wconf 87' lang='lat' dir='ltr'>tumorem</span> <span class='ocrx_word' id='word_1_160' title='bbox 907 2973 1080 3043; x_wconf 62' lang='lat' dir='ltr'>rottndum,</span> 
     </span>
     <span class='ocr_line' id='line_1_22' title="bbox 83 3063 1081 3148; baseline 0.002 -24"><span class='ocrx_word' id='word_1_161' title='bbox 83 3063 231 3145; x_wconf 77' lang='lat' dir='ltr'>nubilem,</span> <span class='ocrx_word' id='word_1_162' title='bbox 249 3072 313 3128; x_wconf 82' lang='lat' dir='ltr'>aliis</span> <span class='ocrx_word' id='word_1_163' title='bbox 324 3073 460 3146; x_wconf 77' lang='lat' dir='ltr'>&#39;partibus</span> <span class='ocrx_word' id='word_1_164' title='bbox 473 3073 560 3128; x_wconf 77' lang='lat' dir='ltr'>unico</span> <span class='ocrx_word' id='word_1_165' title='bbox 569 3067 771 3128; x_wconf 72' lang='lat' dir='ltr'>adhaerentem</span> <span class='ocrx_word' id='word_1_166' title='bbox 786 3069 836 3126; x_wconf 86' lang='lat' dir='ltr'>filo</span> <span class='ocrx_word' id='word_1_167' title='bbox 849 3072 931 3126; x_wconf 81' lang='lat' dir='ltr'>tenui</span> <span class='ocrx_word' id='word_1_168' title='bbox 941 3083 969 3126; x_wconf 85' lang='lat' dir='ltr'>et</span> <span class='ocrx_word' id='word_1_169' title='bbox 980 3073 1081 3148; x_wconf 83' lang='lat' dir='ltr'>longo.</span> 
     </span>
     <span class='ocr_line' id='line_1_23' title="bbox 83 3155 1085 3247; baseline 0.009 -29"><span class='ocrx_word' id='word_1_170' title='bbox 83 3166 114 3220; x_wconf 90' lang='lat' dir='ltr'>In</span> <span class='ocrx_word' id='word_1_171' title='bbox 131 3170 286 3227; x_wconf 84' lang='lat' dir='ltr'>abdomine</span> <span class='ocrx_word' id='word_1_172' title='bbox 302 3171 431 3228; x_wconf 84' lang='lat' dir='ltr'>hominis</span> <span class='ocrx_word' id='word_1_173' title='bbox 447 3191 462 3226; x_wconf 87' lang='lat' dir='ltr'>a</span> <span class='ocrx_word' id='word_1_174' title='bbox 476 3173 565 3247; x_wconf 80' lang='lat' dir='ltr'>longo</span> <span class='ocrx_word' id='word_1_175' title='bbox 581 3184 713 3245; x_wconf 88' lang='lat' dir='ltr'>tempore</span> <span class='ocrx_word' id='word_1_176' title='bbox 729 3155 876 3240; x_wconf 77' lang='lat' dir='ltr'>herniosi,</span> <span class='ocrx_word' id='word_1_177' title='bbox 892 3171 975 3226; x_wconf 84' lang='lat' dir='ltr'>obesi</span> <span class='ocrx_word' id='word_1_178' title='bbox 989 3183 1016 3226; x_wconf 89' lang='lat' dir='ltr'>et</span> <span class='ocrx_word' id='word_1_179' title='bbox 1031 3172 1085 3247; x_wconf 76' lang='lat' dir='ltr'>dy-</span> 
     </span>
     <span class='ocr_line' id='line_1_24' title="bbox 85 3270 1083 3346; baseline 0.008 -28"><span class='ocrx_word' id='word_1_180' title='bbox 85 3270 202 3326; x_wconf 84' lang='lat' dir='ltr'>senteria</span> <span class='ocrx_word' id='word_1_181' title='bbox 224 3271 362 3342; x_wconf 82' lang='lat' dir='ltr'>extincti,</span> <span class='ocrx_word' id='word_1_182' title='bbox 389 3271 547 3328; x_wconf 85' lang='lat' dir='ltr'>duodecim</span> <span class='ocrx_word' id='word_1_183' title='bbox 569 3271 736 3330; x_wconf 68' lang='lat' dir='ltr'>invenimus</span> <span class='ocrx_word' id='word_1_184' title='bbox 757 3289 883 3346; x_wconf 86' lang='lat' dir='ltr'>corpora</span> <span class='ocrx_word' id='word_1_185' title='bbox 909 3283 1083 3345; x_wconf 61' lang='lat' dir='ltr'>conspecta,</span> 
     </span>
     <span class='ocr_line' id='line_1_25' title="bbox 82 3353 1085 3448; baseline 0.011 -30"><span class='ocrx_word' id='word_1_186' title='bbox 82 3353 211 3444; x_wconf 80' lang='lat' dir='ltr'>globosa,</span> <span class='ocrx_word' id='word_1_187' title='bbox 225 3372 325 3438; x_wconf 87' lang='lat' dir='ltr'>laevia,</span> <span class='ocrx_word' id='word_1_188' title='bbox 345 3372 420 3446; x_wconf 81' lang='lat' dir='ltr'>nulli</span> <span class='ocrx_word' id='word_1_189' title='bbox 444 3371 522 3446; x_wconf 87' lang='lat' dir='ltr'>parti</span> <span class='ocrx_word' id='word_1_190' title='bbox 537 3367 670 3448; x_wconf 75' lang='lat' dir='ltr'>alligata,</span> <span class='ocrx_word' id='word_1_191' title='bbox 695 3373 746 3428; x_wconf 87' lang='lat' dir='ltr'>sed</span> <span class='ocrx_word' id='word_1_192' title='bbox 767 3372 798 3426; x_wconf 90' lang='lat' dir='ltr'>in</span> <span class='ocrx_word' id='word_1_193' title='bbox 811 3371 969 3444; x_wconf 80' lang='lat' dir='ltr'>abdomine</span> <span class='ocrx_word' id='word_1_194' title='bbox 992 3371 1085 3439; x_wconf 73' lang='lat' dir='ltr'>libere,</span> 
     </span>
     <span class='ocr_line' id='line_1_26' title="bbox 83 3453 1085 3546; baseline 0.006 -26"><span class='ocrx_word' id='word_1_195' title='bbox 83 3459 263 3540; x_wconf 77' lang='lat' dir='ltr'>fluctuantia,</span> <span class='ocrx_word' id='word_1_196' title='bbox 273 3478 301 3526; x_wconf 82' lang='lat' dir='ltr'>et</span> <span class='ocrx_word' id='word_1_197' title='bbox 313 3463 448 3526; x_wconf 86' lang='lat' dir='ltr'>ulteriori</span> <span class='ocrx_word' id='word_1_198' title='bbox 463 3471 594 3528; x_wconf 84' lang='lat' dir='ltr'>examine</span> <span class='ocrx_word' id='word_1_199' title='bbox 605 3463 667 3526; x_wconf 85' lang='lat' dir='ltr'>haec</span> <span class='ocrx_word' id='word_1_200' title='bbox 681 3490 822 3546; x_wconf 90' lang='lat' dir='ltr'>corpora,</span> <span class='ocrx_word' id='word_1_201' title='bbox 834 3472 922 3525; x_wconf 87' lang='lat' dir='ltr'>variae</span> <span class='ocrx_word' id='word_1_202' title='bbox 933 3453 1085 3546; x_wconf 17' lang='lat' dir='ltr'>magn&#39;itu«¹</span> 
     </span>
     <span class='ocr_line' id='line_1_27' title="bbox 85 3561 1089 3644; baseline 0.009 -29"><span class='ocrx_word' id='word_1_203' title='bbox 85 3561 154 3620; x_wconf 78' lang='lat' dir='ltr'>dinis</span> <span class='ocrx_word' id='word_1_204' title='bbox 168 3577 195 3622; x_wconf 84' lang='lat' dir='ltr'>et</span> <span class='ocrx_word' id='word_1_205' title='bbox 210 3569 382 3641; x_wconf 71' lang='lat' dir='ltr'>densitatis,</span> <span class='ocrx_word' id='word_1_206' title='bbox 406 3571 448 3626; x_wconf 85' lang='lat' dir='ltr'>nil</span> <span class='ocrx_word' id='word_1_207' title='bbox 467 3581 550 3626; x_wconf 91' lang='lat' dir='ltr'>erant</span> <span class='ocrx_word' id='word_1_208' title='bbox 563 3569 620 3626; x_wconf 90' lang='lat' dir='ltr'>nisi</span> <span class='ocrx_word' id='word_1_209' title='bbox 640 3571 817 3644; x_wconf 86' lang='lat' dir='ltr'>appendices</span> <span class='ocrx_word' id='word_1_210' title='bbox 839 3571 967 3644; x_wconf 86' lang='lat' dir='ltr'>adiposae</span> <span class='ocrx_word' id='word_1_211' title='bbox 982 3571 1019 3624; x_wconf 89' lang='lat' dir='ltr'>ab</span> <span class='ocrx_word' id='word_1_212' title='bbox 1036 3569 1089 3624; x_wconf 76' lang='lat' dir='ltr'>in&#39;-&#39;</span> 
     </span>
     <span class='ocr_line' id='line_1_28' title="bbox 85 3649 1083 3746; baseline 0.009 -30"><span class='ocrx_word' id='word_1_213' title='bbox 85 3665 184 3722; x_wconf 81' lang='lat' dir='ltr'>tostino</span> <span class='ocrx_word' id='word_1_214' title='bbox 198 3671 267 3726; x_wconf 79' lang='lat' dir='ltr'>colo</span> <span class='ocrx_word' id='word_1_215' title='bbox 280 3681 421 3744; x_wconf 81' lang='lat' dir='ltr'>separatae</span> <span class='ocrx_word' id='word_1_216' title='bbox 431 3711 447 3740; x_wconf 49' lang='lat'>,1</span> <span class='ocrx_word' id='word_1_217' title='bbox 457 3682 485 3726; x_wconf 87' lang='lat' dir='ltr'>et</span> <span class='ocrx_word' id='word_1_218' title='bbox 494 3681 581 3726; x_wconf 87' lang='lat' dir='ltr'>motu</span> <span class='ocrx_word' id='word_1_219' title='bbox 594 3655 740 3726; x_wconf 70' lang='lat' dir='ltr'>&#39;continno</span> <span class='ocrx_word' id='word_1_220' title='bbox 752 3649 920 3726; x_wconf 84' lang='lat' dir='ltr'>abdominis</span> <span class='ocrx_word' id='word_1_221' title='bbox 933 3657 967 3726; x_wconf 53' lang='lat' dir='ltr'>in&#39;</span> <span class='ocrx_word' id='word_1_222' title='bbox 978 3671 1083 3746; x_wconf 84' lang='lat' dir='ltr'>globos</span> 
     </span>
     <span class='ocr_line' id='line_1_29' title="bbox 83 3763 677 3852; baseline 0.003 -28"><span class='ocrx_word' id='word_1_223' title='bbox 83 3769 246 3842; x_wconf 70' lang='lat' dir='ltr'>&#39;compactas</span> <span class='ocrx_word' id='word_1_224' title='bbox 262 3763 543 3852; x_wconf 55' lang='lat' dir='ltr'>(Admtsssdr&#39;tor.)</span> <span class='ocrx_word' id='word_1_225' title='bbox 587 3783 599 3807; x_wconf 52' lang='lat' dir='ltr'>t</span> <span class='ocrx_word' id='word_1_226' title='bbox 673 3837 677 3842; x_wconf 30' lang='grc' dir='ltr'>Ι</span> 
     </span>
    </p>
   </div>
   <div class='ocr_carea' id='block_1_4' title="bbox 0 0 1413 4668">
    <p class='ocr_par' dir='ltr' id='par_1_4' title="bbox 0 0 1413 4668">
     <span class='ocr_line' id='line_1_30' title="bbox 0 0 1413 4668; baseline 0 0"><span class='ocrx_word' id='word_1_227' title='bbox 0 0 1413 4668; x_wconf 95' lang='lat' dir='ltr'> </span> 
     </span>
    </p>
   </div>
  </div>
 </body>
</html>
