2726 4676
234 405 304 488 22¹4
397 413 444 472 ns
471 417 617 477 scurrus
642 419 686 473 nr
711 418 836 468 censis
860 419 1072 474 nonnosum
1122 467 1130 478 .

229 537 449 619 lumborum
464 547 547 608 cute
568 533 634 632 qui
652 520 849 609 biennium
868 533 1017 608 circiter
1037 533 1129 606 levis
1152 531 1240 608 lue-
1350 521 1351 580 3

228 673 306 747 rat,
325 653 806 740 nonnullasautemurteur
819 649 1075 730 hebdomadas
1093 675 1244 749 aegrum
1350 701 1351 716 ,

229 790 312 855 tum
325 773 477 872 sepius,
494 786 574 854 tum
591 769 850 850 vehementius
865 768 1100 854 exercebant.
1120 771 1241 842 Deni-
1350 773 1351 800 ³

231 919 307 992 que
329 889 511 969 redeunte
534 887 721 988 singultu,
743 901 780 962 et
808 883 1072 968 deficientibus
1093 888 1134 960 in
1157 887 1245 966 dies
1350 901 1351 950 l

230 1009 395 1095 viribus,
409 1005 612 1083 convulsus
629 1004 736 1086 obiit.
755 1003 923 1088 Thorace
944 1003 1114 1092 recluso,
1139 1029 1243 1102 quo*
1350 1083 1351 1108 χ

233 1129 333 1214 niam
351 1125 492 1210 ultimis
519 1123 655 1206 diebus
675 1123 835 1204 alterurn
860 1123 899 1194 in
927 1122 1024 1196 latus
1050 1120 1245 1194 difficilius
1350 1127 1351 1188 ἓ

234 1243 415 1332 cubabam
434 1242 634 1341 pulmones
653 1242 734 1315 sani
746 1241 889 1320 inventi
909 1255 1019 1330 sunt,
1037 1239 1245 1317 sinennul·

232 1363 287 1446 las
300 1363 460 1460 excipias
475 1358 661 1458 lapidosas
674 1360 936 1440 concretiones
946 1359 1115 1456 exiguas,
1132 1374 1169 1432 et
1180 1359 1245 1436 rix

226 1479 464 1579 dignasque
484 1478 765 1556 adnotarentur,
787 1479 931 1556 Ventre
948 1490 1074 1556 autem
1091 1491 1244 1574 aperto,

235 1623 346 1682 renes
364 1597 528 1670 naturali·
546 1595 661 1680 modo
679 1598 845 1672 minores
862 1595 1057 1694 conspecti
1074 1607 1189 1682 suut,
1207 1608 1247 1670 et

238 1716 398 1815 quadarn
426 1714 576 1796 insolita
598 1712 717 1810 ligura
739 1711 903 1811 praediti,
923 1712 1126 1812 pluresque
1145 1727 1246 1789 ente

236 1837 315 1906 rius
331 1834 393 1911 hie
410 1833 486 1907 illie
501 1829 806 1930 protuberantias
819 1829 1011 1909 babentes.
1029 1835 1091 1902 Hae
1109 1830 1247 1906 dissec-

236 1967 282 2024 tas
300 1951 493 2032 saniosum
513 1947 760 2026 ostenderunt
779 1948 1005 2037 humorem,
1034 1949 1096 2026 cui
1116 1963 1249 2047 aperta

239 2069 374 2150 eratin
393 2066 529 2164 pelvim
545 2067 613 2141 via.
625 2065 696 2141 Sed
715 2067 754 2136 iu
770 2067 891 2144 vesica
902 2066 1141 2155 urinaria,in
1158 2089 1247 2163 qua,

240 2185 445 2286 prasertim
468 2183 567 2264 circa
596 2184 677 2281 ejus
698 2184 858 2271 collum,
884 2185 1054 2257 unanimi
1078 2183 1248 2281 plurium

240 2302 440 2384 doctorum
463 2302 631 2380 virorum
658 2326 867 2389 consensu,
886 2301 992 2380 radix
1015 2325 1094 2378 esse
1121 2301 1252 2376 morbi

241 2417 539 2507 existimabatur,
560 2419 654 2500 nihil
673 2444 832 2522 usquam
849 2422 1022 2518 apparuit
1035 2418 1251 2494 adnotatio-

242 2560 290 2608 ne
305 2535 482 2634 dignum,
500 2551 635 2634 praeter
654 2537 773 2612 levem
789 2536 993 2638 quamdam
1010 2535 1252 2619 abrasionem

241 2652 340 2734 circa.
350 2670 544 2733 ureterum
559 2651 710 2733 crificia,

293 2767 324 2846 3.
344 2771 617 2854 Dissectinnem
628 2769 908 2848 hacholsalva
927 2771 1071 2871 insigni
1082 2795 1163 2846 esse
1181 2771 1253 2844 do·

246 2904 424 2964 numento
441 2911 571 2986 posse,
589 2914 659 2964 nec
674 2888 863 2963 immerito
877 2888 1075 2977 censebat,
1097 2903 1139 2960 ut
1152 2891 1256 2962 cauti

245 3009 360 3088 simus
387 3008 428 3092 in
445 3003 667 3090 deliniendis
689 3005 833 3079 morbis
856 3005 903 3080 ad
925 3021 1050 3104 partes
1068 3007 1256 3086 urinarias

245 3121 516 3220 spectantibus,
533 3123 674 3220 quippe
692 3146 854 3219 quorum
871 3122 1083 3220 disquiram,
1105 3147 1256 3204 sum-ma

238 3241 355 3337 etiam
365 3255 444 3314 arte
461 3241 633 3338 quaesita,
648 3264 726 3312 non
744 3241 931 3318 rarissime
945 3239 1055 3318 fallax
1065 3257 1134 3328 est,
1150 3242 1256 3324 velut

245 3358 285 3442 ln
310 3357 385 3438 hoc
405 3381 493 3438 casu
517 3354 604 3446 fuit,
631 3371 667 3428 et
687 3358 728 3428 in
746 3357 819 3437 alio
836 3383 1011 3456 quoque,
1028 3358 1075 3430 de
1099 3384 1179 3456 qun
1198 3360 1255 3460 ipa

248 3499 330 3560 sum
346 3474 441 3546 mihi
458 3473 618 3546 inhunc
636 3473 791 3553 modum
809 3499 979 3555 narrasse
995 3477 1162 3556 memini,

296 3601 329 3684 4,
341 3595 553 3687 Querndam
570 3597 687 3672 uriuae
704 3611 741 3674 et
754 3597 918 3694 partium
936 3595 1027 3670 huic
1046 3597 1255 3673 inserviens

247 3713 341 3796 tium
362 3715 453 3784 vitio
479 3711 673 3803 laborare,
691 3729 770 3786 erat
803 3713 980 3789 omnibus
1000 3710 1252 3790 manifestum.

247 3831 320 3912 Sed
338 3857 425 3912 cum
447 3830 494 3902 de
515 3831 749 3905 renibusaut
762 3832 809 3905 de
826 3833 981 3930 regione
999 3831 1140 3904 horum
1158 3830 1255 3912 nihil

248 3963 312 4037 eut
326 3951 386 4034 rix
405 3964 651 4060 quereretur²
670 3952 861 4035 contraiis
878 3947 1255 4048 adresicamdolnris

1350 1433 1351 1510 l

1350 1651 1351 1728 l

1320 4565 1351 4640 Δ
