2814 4674
172 386 237 436 tia.
264 387 316 435 111.
346 388 394 434 nr
419 387 555 434 norun
570 387 738 450 vaurms,
764 389 874 436 urrsr.
902 391 1022 439 xxxrx.
1075 366 1121 440 85

123 498 1127 638 mam,idestpenet0tamhujuscorporissolidarjrara
1173 526 1175 528 ·

124 634 195 690 tem
209 615 300 687 nihil
312 640 390 688 esse
404 615 517 703 aliud,
528 617 599 686 nisi
608 619 901 714 constipatarum
917 620 1122 692 rubescen-
1172 647 1176 654 ·

125 736 215 804 tium
232 732 482 812 vesicularbm
504 735 740 829 congeriem,
760 749 801 804 ut
820 759 980 806 numero
998 751 1123 808 essent

125 850 170 922 ob
190 851 407 948 parvitatem
426 849 660 937 incredibili,
677 859 809 923 cmnes
824 866 947 947 autc-m
967 853 1120 924 sordido

128 993 206 1040 sero
224 969 398 1041 distentae.
421 971 552 1066 Neque
571 983 697 1040 tamen
719 966 788 1044 fuit
813 969 940 1042 odoris
960 968 1120 1044 fetiditas

125 1086 223 1156 valde
243 1087 384 1184 gravis:
403 1110 528 1182 neque
545 1073 635 1156 tuba
648 1087 817 1184 proxima
831 1085 983 1172 oblaesa,
1005 1113 1121 1184 quan·

128 1227 231 1299 quam
252 1205 428 1292 exterius,
443 1219 485 1274 ut
502 1203 637 1293 altera,
654 1203 851 1300 hydatides
868 1191 1001 1274 habuit
1018 1231 1025 1273 :
1054 1230 1122 1276 ne-v

125 1344 193 1416 que
212 1335 344 1396 uterus.
355 1322 457 1420 ipse,
473 1321 530 1416 cuj
538 1345 579 1392 us
597 1320 706 1392 lateri
733 1321 963 1416 descriptum
981 1344 1121 1419 corpus

122 1451 193 1508 erat
212 1461 418 1526 annexum,
437 1437 525 1510 inde
547 1437 752 1534 quidquam
772 1437 855 1509 vitii
870 1435 1120 1534 praeterquam
1210 1499 1212 1506 .

121 1553 156 1622 iu
171 1555 307 1632 extima
330 1553 574 1642 membrana,
593 1568 837 1624 contraxerat.
869 1557 963 1626 Nam
991 1579 1119 1651 perse-

122 1671 200 1758 cui,
215 1686 253 1746 et
275 1671 350 1742 hoc
366 1696 504 1760 unum,
524 1669 630 1768 quod
650 1669 725 1744 huc
745 1671 899 1740 minime
917 1686 1122 1767 spectaret,

119 1787 310 1876 adnotavi,
327 1785 438 1863 fuisse
455 1788 495 1859 in
514 1786 693 1861 lateribus
706 1787 922 1882 ejuscaveaa
939 1788 1121 1884 parietem
1187 1789 1188 1792 '

121 1905 344 1982 anteriorem
376 1929 444 2002 per
473 1905 685 2000 interjectas
721 1902 1000 1976 membranulas
1033 1929 1140 1994 cum,

120 2023 324 2120 posteriore
346 2046 569 2098 connexum.
587 2023 703 2093 Testis
719 2022 832 2110 alter,
845 2021 1043 2108 «modicus,
1059 2046 1119 2094 su·

121 2137 267 2236 perficie
277 2139 468 2236 inaequali,
488 2139 577 2209 huic
591 2139 807 2237 contiguam
818 2139 1019 2210 vesiculam
1031 2139 1122 2210 dun

40 2339 41 2342 Ἴ
119 2269 211 2334 taxat
227 2280 345 2330 unam
363 2255 515 2342 habuit,
537 2256 780 2352 majusculam
799 2255 868 2330 sub
890 2280 1010 2328 crassa
1034 2256 1119 2327 alba

120 2374 242 2444 tunica
263 2397 425 2469 paucum
451 2369 652 2446 humorem
673 2365 930 2442 coutinentem
957 2400 964 2440 ε
991 2367 1121 2448 caetera

120 2489 219 2562 albus
239 2503 338 2577 erat,
361 2503 397 2558 et
412 2487 549 2560 durus:
569 2513 614 2564 ex
632 2489 757 2584 aliqua
773 2503 900 2560 tamen
913 2489 1046 2586 exigna
1060 2489 1120 2568 sui

122 2621 242 2703 parte,
259 2603 335 2675 albi
350 2605 453 2702 puris
471 2604 677 2701 pauxillum
696 2606 827 2679 emisit.

165 2723 221 2794 38.
253 2725 355 2818 Saepe
378 2721 471 2794 adeo
489 2708 725 2809 mulier—ibus,
754 2723 958 2818 praesertim
977 2723 1007 2792 si
1031 2745 1120 2792 cum

121 2819 263 2917 feminis
278 2835 447 2916 conferas
461 2853 678 2916 caeterorum
691 2839 926 2923 animalium,
945 2825 1121 2919 accidunt

121 2960 264 3030 testium
278 2958 385 3044 vitia,
405 2971 573 3028 tumores
589 2956 794 3054 praesertim
811 2955 885 3028 sive
899 2955 1120 3054 hydropici,
1170 2956 1172 2960 ’

123 3077 189 3146 sive
219 3075 374 3154 alterius
405 3075 569 3171 genem,
609 3090 650 3144 ut
683 3070 801 3144 fac-ilis
832 3075 878 3144 sit
903 3074 1136 3168 conjectura,

125 3193 298 3289 pleraque
313 3190 451 3264 horum
465 3217 547 3261 non
567 3191 645 3262 sine
663 3191 772 3287 culpa
787 3187 990 3262 affectuum
1006 3193 1122 3260 animi

127 3312 349 3406 contingere.
377 3307 478 3398 Quid
504 3310 604 3405 enim
632 3307 672 3376 hi
698 3308 842 3404 possint
861 3308 900 3376 in
917 3307 1122 3379 humorum

126 3449 230 3497 cursu
239 3425 488 3514 retardanda,
512 3419 839 3521 perturbandove,
858 3448 936 3496 non
951 3425 1124 3521 ignotum
1175 3486 1179 3492 .

126 3558 181 3620 est.
203 3541 356 3614 Accedit
372 3557 495 3612 tamen
525 3543 716 3639 sanguinis
738 3556 953 3612 menstruus
977 3541 1015 3610 iu
1043 3555 1124 3612 ute-

128 3684 223 3748 rum,
242 3658 482 3755 adjectasque
507 3658 596 3728 huic
616 3673 740 3754 partes
763 3657 976 3744 confluxus,
1010 3677 1124 3754 quern

131 3777 264 3874 saepius,
284 3791 322 3846 et
341 3773 582 3846 multifariam
602 3773 648 3844 ab
669 3790 810 3847 naturae
823 3774 937 3845 modo
953 3773 1126 3844 aberrare
1144 3827 1149 3845 t
1193 3816 1197 3824 ·

132 3895 266 3976 scimus.
289 3897 370 3964 Huc
393 3875 488 3964 adde
510 3893 652 3992 gravidi
672 3896 769 3966 uteri
796 3892 954 3980 molem,
979 3907 1016 3964 et
1032 3915 1130 3988 pon-
