2746 4674
35 468 38 508 l

35 539 37 564 t

34 565 36 598 t

190 430 251 478 ms.
279 430 335 484 ut·
351 429 411 482 oa
437 428 574 480 nocais
597 427 769 492 vanans,
794 427 906 476 amsa.
933 432 991 476 xs.
1021 409 1093 480 103
1130 379 1142 398 a

105 665 172 688 μων
178 665 501 684 mmmmm
504 665 1095 690 mmmmmwvwvwvmwwum

170 839 402 918 EPISTULA
426 841 929 924 ANATOMICO-Muolca
953 845 1024 923 XL.

236 1077 475 1177 Verbafiunt
491 1073 538 1146 de
549 1076 777 1164 Lumborum
793 1077 946 1148 Dolore.
1001 1177 1004 1184 ι

105 1313 279 1444 vassum
295 1383 350 1440 est
366 1367 415 1440 ad
436 1367 615 1454 morbos,
635 1389 800 1466 quomm
822 1369 1022 1468 peculiaris
1039 1381 1096 1444 set

102 1486 156 1560 tes
171 1502 208 1560 et
231 1510 345 1562 causa
372 1509 469 1584 saepe
491 1486 697 1561 admodum
722 1503 811 1558 suut
828 1487 1017 1576 obscurae,
1048 1488 1096 1560 act
1217 1497 1228 1505 “

100 1627 155 1678 eos
163 1602 339 1684 videlicet
347 1604 415 1700 qui
424 1601 472 1674 ad
487 1604 624 1677 urinas·
632 1619 813 1700 spectant.
829 1605 1096 1677 Ostendethoc

100 1721 149 1795 vel
165 1723 266 1822 ipse,
282 1745 304 1793 a
321 1743 400 1818 quo
417 1722 646 1818 incipimus,
664 1719 873 1796 lumborum
887 1721 1008 1792 dolor.
1027 1723 1095 1793 Hic

100 1841 188 1913 enim
211 1837 314 1914 haud
332 1863 420 1912 caco
437 1838 485 1910 sd
504 1863 616 1918 renes
630 1840 763 1916 attinet
780 1861 881 1936 quos
898 1861 1018 1912 arenae
1032 1855 1097 1918 aut

100 1955 223 2032 calculi
239 1955 336 2028 male
350 1954 515 2028 hahent:
537 1981 757 2054 quanquam
769 1981 849 2028 non
861 1957 986 2031 minus
1001 1978 1096 2056 saepe

100 2089 152 2150 aut
162 2073 238 2147 alio
258 2074 435 2162 attinere,
452 2089 518 2144 aut
531 2073 577 2152 ad
585 2097 699 2146 tenes
713 2074 869 2172 quidem
883 2075 947 2146 sed
961 2074 1008 2146 ab
1017 2073 1098 2147 aliia

101 2193 211 2265 causis
227 2188 403 2280 affectos,
424 2194 557 2288 etipse
575 2193 675 2266 nosti
693 2208 730 2264 et
747 2193 895 2290 planius
911 2191 1097 2291 intelliges

100 2311 199 2384 exiis
223 2331 320 2404 quas
339 2309 456 2380 modo
477 2308 545 2380 tihi
564 2289 798 2397 describam,
826 2310 1097 2385 observationi-

98 2426 158 2504 bus
168 2441 254 2504 tum
262 2426 439 2500 Valsatvae
454 2443 534 2511 tum
543 2429 659 2512 ‚mais
671 2430 765 2500 Nam
779 2437 823 2498 ex
836 2429 1006 2524 utrisque
1020 2427 1095 2524 pri-

98 2569 155 2620 um
171 2542 223 2618 ad
238 2567 348 2618 renos
362 2545 603 2643 calculosque
625 2548 855 2644 posteriores
873 2545 921 2616 ad
935 2545 1008 2616 alia
1031 2559 1096 2614 aut

100 2685 225 2739 acuum
257 2661 512 2736 autaliarum
533 2664 697 2760 partium
726 2663 814 2736 vitia
839 2660 1094 2760 pertinebunt.

101 2779 250 2857 Initium
266 2833 275 2868 ‚
289 2795 332 2850 ut
349 2803 418 2876 par
437 2796 493 2852 est
510 2794 547 2850 et
566 2779 665 2852 soliti
680 2799 825 2868 sumus,
841 2779 888 2849 ab
903 2779 1001 2849 illius
1017 2765 1097 2876 pri--

102 2896 378 2995 miscapicmus.

144 3041 172 3090 a,
187 3013 376 3092 sacerdos
394 3036 584 3087 annorum
595 3014 892 3112 quinquaginta,
922 3011 970 3083 ab
990 3011 1098 3084 annis

102 3128 289 3222 jambene
317 3131 687 3220 multis,a1thriticis
713 3131 916 3228 digitorum
944 3135 1102 3226 prae'ser-

103 3247 366 3328 timobnoxius
378 3248 593 3334 doloribus,
606 3248 757 3320 taudem
775 3263 811 3318 et
823 3245 1101 3344 nephritico'est

106 3383 304 3465 correptus.
325 3367 499 3446 Vomitus
518 3391 596 3442 nou
622 3366 743 3438 solum
769 3364 911 3437 biliosa
939 3368 1100 3437 materia

107 3482 252 3574 crebro,
273 3483 340 3558 sed
354 3500 391 3556 ot
407 3484 523 3556 semel
541 3484 734 3580 sanguinis
755 3479 841 3569 fuit,
861 3484 928 3580 qui
948 3504 1018 3580 per
1034 3507 1101 3552 na-

107 3619 160 3667 res
184 3625 340 3700 quoquc
366 3602 441 3696 jam
463 3625 559 3698 saepe
583 3598 825 3698 profluxerat.
855 3605 1102 3696 Posteaquam
1113 3676 1122 3700 ιη

108 3715 207 3786 urina
227 3746 272 3790 ex
292 3734 410 3816 pauc'a
432 3735 468 3788 et
492 3742 654 3814 aquosa,
679 3717 813 3812 majori
842 3717 950 3818 eopia
968 3703 1126 3786 redde-³

109 3823 228 3924 hatur,
246 3862 333 3908 cum
351 3836 624 3935 mucilaginosa
645 3849 756 3930 atque
783 3857 899 3930 opaca
923 3834 1103 3922 materia,

111 3967 252 4046 repente
285 3953 494 4034 convulsivi
511 3954 627 4030 totius
645 3951 815 4058 corporis
836 3964 960 4026 motus
978 3970 1104 4025 acces*
