2810 4668
161 473 230 522 am.
258 475 311 526 111.
340 479 386 525 nr
413 475 744 537 maneremus,
770 479 882 526 rr1sr.
910 477 1006 525 xuvr.
1037 455 1105 527 581

104 589 210 660 nima
227 593 360 682 tertia,
378 593 491 689 paulo
518 589 614 661 infra
641 593 759 686 ipsam
791 593 951 688 primam
970 593 1117 678 locata,
1159 665 1175 676 ..
1219 665 1223 676 ,

98 723 484 807 ‘compunctaaquam
497 709 639 796 emisit,
656 709 760 805 quasi
780 707 997 804 hydatidem
1010 693 1111 781 'intra

107 825 289 896 corticem
309 853 351 899 ex
377 829 486 925 nigro
507 840 705 898 cruentum
729 827 949 898 contineret.
981 829 1045 900 His
1061 829 1114 898 ita-

106 947 342 1041 conspectis,
365 969 450 1015 cum
476 942 522 1014 ad
547 943 623 1015 alas
641 945 957 1040 vespertilionum
979 947 1111 1018 oculos

106 1051 393 1149 convertissem
411 1063 450 1131 in
469 1055 598 1134 earirm
610 1062 766 1158 singulis
778 1064 878 1134 inter
894 1065 1017 1161 ipsum
1038 1079 1113 1135 tes·
1145 1131 1149 1142 ,

106 1191 184 1249 tem
198 1180 386 1250 aetubam
406 1195 535 1250 ternos
559 1185 810 1275 quaternosve
840 1180 1015 1280 globulos
1034 1158 1116 1252 mar-¹

102 1297 227 1392 jores,
245 1299 456 1370 minoresve
467 1297 712 1368 animadverti
726 1294 860 1385 duros,
879 1313 916 1368 et
933 1323 978 1379 err
995 1299 1114 1381 rubro
1201 1277 1202 1284 i

106 1411 251 1503 fuscos3
270 1431 312 1487 ut
333 1417 491 1514 aprimo
507 1414 716 1486 skirrhosas
742 1414 986 1514 conglobatas
1008 1417 1114 1514 glan-

109 1531 219 1604 dulas
250 1559 328 1604 esse
365 1532 600 1605 crediderim.
630 1537 771 1604 Verum
804 1533 982 1630 scalpello
1006 1533 1115 1603 adhi-

110 1648 213 1739 bito,
235 1650 303 1723 sub
320 1653 459 1724 cortice
480 1652 725 1722 membraneo
743 1651 858 1738 illius,
884 1675 997 1748 quem
1017 1652 1115 1739 dixi,

111 1769 272 1858 coloris,
289 1771 467 1856 nucleum
487 1769 615 1842 inverii
630 1767 776 1856 album,
793 1768 932 1858 levem,
952 1784 989 1840 ct
1009 1765 1115 1842 facile

112 1885 370 1976 excidentem,
403 1888 564 1975 durum,
599 1902 642 1958 ut
683 1910 833 1970 osseuS,
862 1913 909 1958 an
945 1887 1116 1986 lapideus

112 2019 230 2093 esset,
244 2005 456 2093 dubitares,
477 2004 598 2102 figura
620 1989 656 2076 et
668 2005 929 2102 magnitudine
945 2031 1116 2103 quoque,

112 2123 144 2192 si
169 2122 346 2198 eductum
380 2150 399 2195 e
433 2124 596 2194 maximo
638 2121 794 2222 globulo
822 2123 1118 2221 spectareS,pisi

109 2239 337 2333 mediocris,
361 2242 516 2313 Globuli
543 2243 709 2314 minores
738 2243 916 2314 nucleum
952 2241 1041 2311 huic
1070 2241 1118 2311 si-

108 2359 255 2446 milem,
281 2360 345 2432 sed
372 2362 576 2448 minorem,
602 2359 871 2448 continebant,
899 2361 972 2431 nisi
1014 2357 1118 2457 quod

109 2477 153 2546 in
186 2502 264 2548 uno
297 2504 341 2550 ex
365 2479 531 2550 minimis
556 2503 627 2576 pro
656 2479 792 2548 nucleo
820 2479 976 2548 materia
998 2479 1121 2547 inerat

112 2593 200 2665 alba
233 2596 405 2693 quidem,
432 2596 505 2676 sed,
532 2595 759 2682 submollis;
795 2609 837 2664 ut
864 2619 909 2664 ex
933 2620 975 2666 ea
1002 2595 1119 2665 duros

114 2717 350 2786 concrevisse
394 2715 550 2786 nucleos
603 2710 709 2784 facile
757 2713 973 2808 conjiceres.
1011 2711 1124 2782 Intel-

111 2831 221 2928 ligis,
251 2831 344 2928 quid
370 2831 631 2930 impedimenti
662 2828 708 2900 ab
737 2813 938 2924 interjectu
971 2843 1008 2900 et
1026 2853 1122 2926 pon·
1162 2862 1164 2866 ¹
1196 2824 1203 2838 ’

114 2949 207 3020 dere
226 2950 438 3022 istiusmodi
467 2948 709 3048 globulorum
730 2943 900 3018 futurum
923 2962 1037 3026 esset,
1061 2961 1122 3018 tu-

114 3066 250 3138 barum
271 3069 410 3155 motui,
432 3081 468 3140 et
480 3067 651 3165 propiori
664 3065 710 3136 ad
726 3079 839 3136 testes
860 3067 1034 3136 accessui.
1049 3069 1122 3137 Ve-
1154 3143 1156 3146 ,

115 3209 203 3254 rum
215 3186 372 3282 insuper
389 3185 429 3254 hi
447 3185 600 3283 quidem
617 3198 724 3267 erant
740 3183 904 3270 exsucci‚
923 3183 1124 3271 contracti,
1194 3269 1200 3277 Ι

117 3316 157 3372 et
169 3304 324 3401 strigosi.
345 3301 457 3374 Tubae
477 3328 568 3374 vero
583 3303 729 3405 pariter
740 3301 929 3396 impervia
941 3316 1065 3398 'atque
1083 3303 1136 3370 in·

117 3422 315 3516 superiore
333 3422 491 3492 muliere
505 3420 648 3491 dictum
674 3433 748 3504 est,
772 3417 845 3488 nisi
862 3416 967 3513 quod
982 3419 1126 3490 tenuis·
1229 3447 1230 3450 ¹

117 3539 257 3610 simum
278 3539 474 3636 specillum
492 3536 685 3634 aliquanto
699 3551 826 3607 tamen
846 3535 1025 3631 proprius
1043 3552 1126 3608 ute·

115 3681 205 3728 rum
223 3655 480 3727 admittebant.
523 3657 524 3661 ’
911 3641 913 3644 ’

172 3771 228 3854 25·
249 3774 327 3844 Etsi
340 3795 431 3844 vero
456 3770 606 3870 qualem
630 3774 670 3868 ip
691 3769 837 3840 duabus
856 3767 959 3841 hisce
979 3767 1129 3843 leminis

119 3889 357 3988 deprehendi
375 3888 554 3961 tubarum
569 3887 849 3975 occlusionem‚
867 3886 979 3957 talem
996 3911 1129 3985 reapse
1183 3895 1187 3913 ¹

117 4011 161 4080 in
181 4008 262 4082 aliis
282 4033 456 4107 quoque,
471 4023 514 4081 ut
528 4033 573 4081 ex
594 4006 673 4080 aliis
692 4003 811 4082 habes
829 4003 1016 4102 epistolis,
1034 4027 1133 4074 non-
