2726 4676
1344 121 1347 250 l

297 411 366 488 238
459 437 505 484 na
531 433 677 482 tentans
701 431 746 480 nr
770 429 895 480 causis
919 425 1128 481 noaroattn

296 551 450 624 fortasse
467 546 701 636 reddiderat,
718 559 798 616 nen
815 547 902 618 satis
918 565 986 644 per
1003 547 1128 618 alvum
1149 550 1294 645 egestoi

294 673 421 765 itaque
437 666 537 738 ntuli
557 666 743 762 primunr,
762 663 926 761 denique
944 663 1090 736 cerebri
1110 666 1296 738 membra·
1349 674 1350 754 l

296 811 363 858 nas
375 809 520 856 summa
533 807 617 853 curn
632 782 796 853 hominis
814 784 980 879 pernicie
997 783 1142 854 adorto.
1156 787 1296 875 Quare·
1350 856 1351 876 ,

295 905 338 976 lae
351 918 474 974 autern
492 900 538 970 de
557 901 674 970 urinae
685 900 891 970 acrimonia
909 899 1027 970 multo
1048 901 1294 998 antiquiores,

298 1023 453 1120 opinor,
473 1015 640 1102 fuerant,
668 1039 781 1112 quarn
809 1015 962 1088 femoris
988 1009 1169 1090 inlaretns
1187 1043 1195 1088 t
1214 1019 1295 1089 illa·
1351 1040 1352 1052 ¹

296 1163 381 1210 rum
398 1151 498 1206 certe
511 1135 618 1232 origp
638 1133 749 1206 luisse
769 1133 956 1208 videbitur
977 1134 1177 1232 longinqui
1204 1151 1296 1207 tern-
1352 1224 1353 1234 ἵ

299 1251 978 1356 poris,sirenum,ureterum,vesicae
988 1254 1294 1324 constitutionem

299 1373 531 1472 spectaveris.
551 1369 692 1440 Calculi
710 1365 799 1438 olim
816 1365 971 1440 sortasse
991 1389 1051 1441 eas
1069 1389 1296 1468 umnespar·

299 1509 354 1564 tes
376 1490 470 1562 male
490 1487 720 1574 habuerant,
738 1507 847 1558 renes
873 1501 961 1556 ortu
980 1499 1017 1556 et
1038 1487 1295 1574 incrementi),

297 1633 404 1680 mora
420 1621 543 1677 autern
568 1604 667 1674 varia
687 1604 725 1672 in
745 1601 956 1688 ureteribus
974 1618 1010 1674 et
1028 1605 1172 1689 vesica,
1191 1621 1297 1676 renes
1354 1591 1355 1596 ἵ

298 1728 450 1812 iterum,
467 1722 592 1822 pelves
609 1736 732 1792 autem
754 1734 791 1790 et
808 1717 930 1817 partes
947 1735 1096 1792 cataras
1115 1735 1199 1819 quae·
1220 1733 1297 1793 riro·

298 1844 349 1915 do
365 1840 586 1913 dicebantur
603 1837 799 1920 ledentes,
817 1837 1014 1934 plerasque
1034 1853 1158 1911 autem
1173 1851 1295 1912 teten-

298 1978 338 2032 ιο
360 1959 451 2030 lotio
463 1952 752 2053 amplificantes,
768 1969 804 2028 et
823 1954 1035 2028 ureteribus
1053 1957 1213 2054 insuper
1232 1983 1297 2030 no·
1356 1959 1357 1966 ’

297 2103 381 2150 xam
394 2074 641 2173 peculiarem,
660 2095 770 2169 quarn
784 2072 823 2142 in
834 2073 877 2144 iis
887 2073 975 2144 allas
987 2073 1122 2146 vidisse
1133 2087 1214 2146 nun
1229 2096 1298 2146 ms
1357 2163 1358 2166 Ἴ

299 2195 410 2278 mini,
428 2193 659 2261 internarum
680 2187 901 2285 hydatidn·
924 2188 1143 2278 afferentes,¹
1164 2207 1297 2290 queret

299 2310 438 2384 morari
451 2310 538 2406 ipsae
554 2309 724 2396 urinam,
742 2309 846 2380 etvel
861 2310 939 2380 sine
954 2308 1105 2382 calculis
1117 2309 1296 2409 pleraque
1358 2324 1359 2336 ¹

300 2453 431 2502 eurum
461 2423 611 2510 fecisse,
638 2441 702 2496 aut
721 2425 850 2496 saltem
864 2427 1008 2498 auxisse
1025 2409 1296 2526 poterantque

299 2545 415 2618 ruodo
434 2569 454 2614 a
471 2542 622 2614 calculis
648 2542 920 2640 repetebamus.
950 2542 1022 2614 Sed
1051 2561 1296 2642 quaecumque

300 2664 410 2738 fuerit
435 2685 545 2734 causa
566 2683 647 2756 quaa
667 2659 734 2730 has
751 2659 918 2732 laesiones
940 2661 1226 2758 importaverit,
1254 2661 1296 2734 ab

299 2753 483 2878 ejbsnrodi
510 2791 608 2849 certe
637 2776 792 2848 renibus
819 2797 896 2847 non
924 2779 1062 2847 mirum
1088 2792 1166 2866 est,
1192 2802 1297 2878 equo

299 2901 422 2972 acrius
438 2897 570 2968 lotium
587 2893 804 2981 distillasse3
825 2909 889 2966 aut
906 2889 955 2965 ab
973 2895 1156 2990 ejusmodi
1176 2909 1297 2969 arete*

299 3039 382 3090 rum
402 3013 586 3114 glandulis
603 3033 672 3108 pro
688 3011 848 3084 humore
859 3012 998 3082 idoneo
1015 3013 1062 3083 ad
1074 3013 1158 3084 lllos
1171 3014 1296 3086 adver·

300 3157 364 3206 sus
382 3133 459 3204 lotii
475 3129 608 3202 salinas
619 3128 815 3224 particulas
826 3129 1083 3217 obliniendo-s,
1098 3145 1159 3201 aut
1174 3153 1296 3204 acrem

298 3249 492 3341 debuisse,
511 3262 576 3316 aut
603 3246 750 3316 nullum
769 3247 931 3343 amplius
951 3249 1094 3318 secerni
1118 3251 1294 3345 petuisse.

298 3367 357 3438 Ab
381 3365 556 3436 utralibet
583 3366 683 3434 enirn
709 3385 817 3434 causa
842 3379 987 3461 repetas
1012 3365 1114 3452 licet,
1139 3381 1209 3437 cur
1231 3368 1296 3438 teti

299 3507 370 3582 pro
391 3483 512 3554 nativa
530 3481 702 3552 albedine
721 3482 823 3552 intus
845 3481 1046 3567 ruberent,
1063 3482 1107 3551 ad
1128 3485 1296 3556 vesicam

299 3625 375 3699 qne
400 3602 547 3670 urinam
570 3600 759 3670 mitterent
775 3599 815 3668 in
833 3599 923 3694 ipsis
939 3614 1002 3668 aut
1024 3599 1207 3672 acriorem
1226 3601 1295 3673 la'c·

297 3735 391 3806 tam,
408 3733 470 3787 aut
485 3716 613 3787 saltem
629 3715 866 3786 demulcente
877 3715 940 3785 illo
951 3716 1205 3788 additamento
1221 3745 1295 3790 non

297 3849 551 3933 temperatam.
577 3835 667 3920 Quae
693 3834 855 3928 pressius
873 3831 933 3903 hic
954 3835 1163 3930 attigimus,
1183 3839 1295 3934 magis

299 3950 496 4050 probabis,
515 3950 544 4020 si
558 3948 764 4017 amicorum
784 3963 1001 4020 nostrorum
1024 3949 1162 4024 clariss.
1180 3953 1295 4048 Pujati
