2746 4674
276 424 340 498 152
438 451 485 498 nn
511 448 657 498 sacrans
683 451 729 498 rr
752 449 876 501 causis
901 450 1111 502 noanoaun

270 562 373 634 bant.
399 565 463 635 His
480 564 595 659 igitur
615 563 812 676 ompibus,
832 589 913 662 quae
940 565 1064 638 ablato
1093 565 1282 636 duntaxat

272 681 478 778 sanguine,
498 683 680 752 continuo
695 683 733 752 in
753 698 1000 778 conspectum
1018 707 1056 754 se
1072 682 1284 767 dederunt,
1364 697 1365 700 ’

271 798 358 868 satis
390 799 583 892 inspectis,
612 822 698 868 cum
726 798 774 869 ad
802 799 944 869 ventris
972 801 1114 872 viscera
1144 798 1287 868 oculos

272 915 605 1002 convertissemus,
637 937 724 986 sana
751 929 885 986 cuncta
910 917 950 986 ia
975 930 1078 987 tanta
1101 915 1286 986 locorum

272 1033 481 1102 mutatione
515 1033 638 1102 mirati
673 1056 812 1103 sumus.
841 1036 886 1102 In
919 1031 1074 1104 thorace
1104 1057 1290 1129 quoque,
1364 1043 1365 1098 ἶ

274 1150 347 1219 nisi
369 1148 474 1246 q-uod
498 1147 750 1246 pericardium
768 1149 854 1247 plus
872 1175 977 1246 aquae
1003 1149 1137 1220 babuit
1162 1174 1288 1246 quam

273 1291 342 1369 par
371 1267 439 1352 sit,
467 1264 562 1336 nihil
593 1266 698 1362 quod
728 1281 903 1363 peccaret
931 1266 1282 1338 animadvertimus.
1364 1301 1365 1354 ;

197 1449 199 1454 .
272 1386 366 1455 Nam
383 1375 487 1480 quod
509 1382 710 1479 pulmones
728 1383 937 1456 albissimos
953 1383 1056 1454 haud
1070 1407 1233 1454 secusac
1250 1385 1286 1454 si

270 1525 372 1597 aqua·
393 1522 512 1606 usque
536 1515 573 1572 et
598 1525 718 1598 usque
740 1501 877 1596 injecta
904 1501 1055 1598 sanguis
1076 1525 1120 1570 ex
1140 1523 1284 1585 eorum
1364 1491 1365 1524 l

270 1619 368 1688 rasis
387 1617 517 1688 fuisset
535 1617 659 1688 elutus
679 1671 688 1704 ,
720 1618 1046 1714 conspiceremus;
1071 1641 1210 1714 nempe
1240 1615 1283 1687 id
1364 1607 1365 1650 ³

273 1735 403 1836 deberi
419 1733 722 1832 intelligebamus
750 1735 924 1831 sanguini
948 1759 1022 1831 qua
1044 1734 1148 1805 nulla
1165 1735 1281 1806 resis·
1364 1735 1365 1800 ξ

272 1853 388 1924 tentia
398 1851 541 1938 fuerat,
558 1852 597 1920 in
608 1867 762 1948 ruptum
779 1853 1093 1948 aneuipsmavitae
1105 1867 1280 1924 extremo
1364 1915 1365 1952 ,

272 1949 443 2067 tempore
458 1967 675 2039 confluenti.
1364 1961 1365 1968 '

323 2113 379 2182 27.
397 2088 487 2174 Quae
509 2109 620 2183 super
642 2086 804 2158 maximo
822 2085 896 2158 hoc
915 2099 1176 2184 aneurysmate
1195 2088 1280 2156 ani·
1364 2145 1365 2152 ,

272 2202 505 2274 madvertere
534 2203 651 2274 multa
677 2227 849 2300 possem,
875 2205 997 2276 sciens
1027 2205 1183 2292 omitte,
1217 2203 1282 2276 illa

275 2321 481 2417 praesertim
501 2345 584 2416 quae
601 2320 689 2390 alibi
702 2321 823 2418 attigi,
843 2346 929 2392 cum
951 2322 996 2393 de
1016 2322 1283 2418 aneurysmati·
1364 2377 1365 2390 .

273 2436 442 2508 bus-aliis
462 2437 677 2510 scriberem.
696 2439 764 2510 Hic
784 2438 861 2510 duo
882 2439 1007 2536 potius
1024 2439 1206 2510 adnotare
1217 2439 1281 2534 ju·
1364 2449 1365 2508 ἶ

271 2571 351 2641 vat,
371 2579 535 2651 quorum
551 2554 708 2626 alterum
724 2558 763 2626 in
781 2571 946 2628 extrema
966 2556 1036 2628 hac
1054 2555 1278 2654 epistola(1)
1364 2579 1365 2654 }

271 2671 451 2758 habebis;
479 2673 639 2764 alterum
660 2689 786 2744 autem
812 2673 859 2744 ad
883 2675 1116 2772 suspiciones
1142 2675 1278 2744 attinet
1364 2685 1365 2724 ³

270 2806 573 2887 aneurysmatum
603 2807 688 2887 post
714 2791 816 2862 diros
844 2793 984 2889 pariter
1009 2816 1052 2862 ac
1074 2791 1279 2898 diuturnos
1356 2811 1365 2888 g

270 2907 373 2980 dorsi
386 2907 681 3005 lumborumque
701 2908 851 2980 dolores
869 2909 958 2978 alias
981 2909 1021 2978 in
1044 2907 1276 2995 viventibus,

270 3025 358 3096 alias
376 3028 415 3095 in
435 3025 540 3122 ipsis,
559 3025 663 3121 quod
683 3025 891 3096 mirabilius
905 3024 1071 3111 videtur,
1086 3027 1197 3098 sectis
1216 3050 1278 3097 ca·-
1364 3005 1365 3042 ³

269 3143 470 3214 daveribus
495 3167 573 3212 non
593 3143 819 3238 agnitorum.
839 3146 890 3212 Ut
905 3142 951 3214 de
967 3141 1026 3214 his
1040 3143 1182 3214 ultimis
1198 3146 1276 3240 pri·
1364 3145 1365 3172 ³

195 3281 197 3289 ’
269 3285 375 3330 mum
391 3259 530 3347 dicam,
545 3259 687 3356 relege,
704 3284 850 3355 quaeso,
867 3275 1075 3358 perattente
1092 3261 1276 3357 quasdam

270 3379 309 3448 in
328 3377 565 3475 Sepulcbreti
581 3401 659 3446 non
682 3401 794 3448 unam
819 3379 1046 3465 sectionem,
1072 3392 1109 3448 et
1123 3380 1162 3448 in
1177 3377 1278 3449 banc

269 3520 423 3592 quoque
436 3498 539 3564 XXII
548 3494 681 3566 relatas
694 3494 887 3584 historias,
901 3519 1037 3592 nempe
1050 3495 1129 3566 obs.
1139 3499 1277 3568 XXXV

267 3628 304 3685 et
319 3617 393 3682 XL.
412 3611 567 3682 Videbis
599 3627 685 3708 post
709 3611 895 3708 ejusmodi
923 3611 1072 3684 dolores
1096 3637 1192 3709 quos
1218 3640 1275 3684 re·
1364 3631 1365 3634 ’

302 3985 347 4064 (1)
367 3987 404 4042 N.
422 3985 470 4040 30.
