<?xml version="1.0" encoding="UTF-8"?>
<!DOCTYPE html PUBLIC "-//W3C//DTD XHTML 1.0 Transitional//EN"
    "http://www.w3.org/TR/xhtml1/DTD/xhtml1-transitional.dtd">
<html xmlns="http://www.w3.org/1999/xhtml" xml:lang="en" lang="en">
 <head>
  <title>
</title>
<meta http-equiv="Content-Type" content="text/html;charset=utf-8" />
  <meta name='ocr-system' content='tesseract 3.04.00' />
  <meta name='ocr-capabilities' content='ocr_page ocr_carea ocr_par ocr_line ocrx_word'/>
</head>
<body>
  <div class='ocr_page' id='page_1' title='image "./desedibusetcaus05adelgoog_0547.png"; bbox 0 0 2810 4668; ppageno 0'>
   <div class='ocr_carea' id='block_1_1' title="bbox 337 407 1172 501">
    <p class='ocr_par' dir='ltr' id='par_1_1' title="bbox 337 407 1172 501">
     <span class='ocr_line' id='line_1_1' title="bbox 337 407 1172 501; baseline -0.002 -15"><span class='ocrx_word' id='word_1_1' title='bbox 337 407 409 501; x_wconf 79' lang='grc'>546</span> <span class='ocrx_word' id='word_1_2' title='bbox 501 433 548 480; x_wconf 81' lang='lat' dir='ltr'>nn</span> <span class='ocrx_word' id='word_1_3' title='bbox 574 430 720 482; x_wconf 76' lang='lat' dir='ltr'>sautans</span> <span class='ocrx_word' id='word_1_4' title='bbox 744 433 788 479; x_wconf 82' lang='lat' dir='ltr'>rr</span> <span class='ocrx_word' id='word_1_5' title='bbox 813 431 937 482; x_wconf 78' lang='lat' dir='ltr'>causis</span> <span class='ocrx_word' id='word_1_6' title='bbox 961 433 1172 484; x_wconf 71' lang='lat' dir='ltr'>moruorum</span> 
     </span>
    </p>
   </div>
   <div class='ocr_carea' id='block_1_2' title="bbox 239 543 1393 764">
    <p class='ocr_par' dir='ltr' id='par_1_2' title="bbox 239 543 1393 764">
     <span class='ocr_line' id='line_1_2' title="bbox 334 543 1393 662; baseline 0.003 -43"><span class='ocrx_word' id='word_1_7' title='bbox 334 549 464 622; x_wconf 81' lang='lat' dir='ltr'>inestri</span> <span class='ocrx_word' id='word_1_8' title='bbox 492 543 641 635; x_wconf 82' lang='lat' dir='ltr'>infanti,</span> <span class='ocrx_word' id='word_1_9' title='bbox 665 567 778 644; x_wconf 89' lang='lat' dir='ltr'>quem</span> <span class='ocrx_word' id='word_1_10' title='bbox 804 544 852 616; x_wconf 88' lang='lat' dir='ltr'>ab</span> <span class='ocrx_word' id='word_1_11' title='bbox 881 569 920 618; x_wconf 90' lang='lat' dir='ltr'>se</span> <span class='ocrx_word' id='word_1_12' title='bbox 945 547 1068 619; x_wconf 87' lang='lat' dir='ltr'>visum</span> <span class='ocrx_word' id='word_1_13' title='bbox 1087 547 1263 623; x_wconf 86' lang='lat' dir='ltr'>Palfinius</span> <span class='ocrx_word' id='word_1_14' title='bbox 1278 551 1324 649; x_wconf 74' lang='grc' dir='ltr'>(ι)</span> <span class='ocrx_word' id='word_1_15' title='bbox 1392 617 1393 662; x_wconf 64' lang='lat'>,</span> 
     </span>
     <span class='ocr_line' id='line_1_3' title="bbox 239 660 1393 764; baseline 0.002 -26"><span class='ocrx_word' id='word_1_16' title='bbox 239 701 241 706; x_wconf 95' lang='lat'>·</span> <span class='ocrx_word' id='word_1_17' title='bbox 333 664 499 764; x_wconf 58' lang='lat' dir='ltr'>scripsit,</span> <span class='ocrx_word' id='word_1_18' title='bbox 522 665 618 736; x_wconf 89' lang='lat' dir='ltr'>sicut</span> <span class='ocrx_word' id='word_1_19' title='bbox 634 660 688 734; x_wconf 92' lang='lat' dir='ltr'>ibi</span> <span class='ocrx_word' id='word_1_20' title='bbox 705 661 867 734; x_wconf 88' lang='lat' dir='ltr'>urcthrae</span> <span class='ocrx_word' id='word_1_21' title='bbox 884 663 1023 736; x_wconf 87' lang='lat' dir='ltr'>canalis</span> <span class='ocrx_word' id='word_1_22' title='bbox 1040 664 1109 736; x_wconf 90' lang='lat' dir='ltr'>ubi</span> <span class='ocrx_word' id='word_1_23' title='bbox 1124 683 1257 740; x_wconf 89' lang='lat' dir='ltr'>nostro</span> <span class='ocrx_word' id='word_1_24' title='bbox 1273 669 1323 764; x_wconf 83' lang='lat' dir='ltr'>ju·</span> <span class='ocrx_word' id='word_1_25' title='bbox 1392 681 1393 752; x_wconf 76' lang='lat' dir='ltr'>l</span> 
     </span>
    </p>
   </div>
   <div class='ocr_carea' id='block_1_3' title="bbox 331 779 1393 882">
    <p class='ocr_par' dir='ltr' id='par_1_3' title="bbox 331 779 1393 882">
     <span class='ocr_line' id='line_1_4' title="bbox 331 779 1393 882; baseline -0.002 -26"><span class='ocrx_word' id='word_1_26' title='bbox 331 785 418 856; x_wconf 88' lang='lat' dir='ltr'>veni</span> <span class='ocrx_word' id='word_1_27' title='bbox 438 780 652 867; x_wconf 82' lang='lat' dir='ltr'>desinebat,</span> <span class='ocrx_word' id='word_1_28' title='bbox 679 779 729 850; x_wconf 88' lang='lat' dir='ltr'>ita</span> <span class='ocrx_word' id='word_1_29' title='bbox 749 779 978 862; x_wconf 86' lang='lat' dir='ltr'>semicanalis</span> <span class='ocrx_word' id='word_1_30' title='bbox 996 781 1043 851; x_wconf 89' lang='lat' dir='ltr'>ad</span> <span class='ocrx_word' id='word_1_31' title='bbox 1061 783 1239 879; x_wconf 87' lang='lat' dir='ltr'>glandem</span> <span class='ocrx_word' id='word_1_32' title='bbox 1256 811 1322 882; x_wconf 86' lang='lat' dir='ltr'>per·</span> <span class='ocrx_word' id='word_1_33' title='bbox 1392 829 1393 870; x_wconf 73' lang='lat'>3</span> 
     </span>
    </p>
   </div>
   <div class='ocr_carea' id='block_1_4' title="bbox 331 896 1393 1000">
    <p class='ocr_par' dir='ltr' id='par_1_4' title="bbox 331 896 1393 1000">
     <span class='ocr_line' id='line_1_5' title="bbox 331 896 1393 1000; baseline -0.001 -27"><span class='ocrx_word' id='word_1_34' title='bbox 331 913 435 1000; x_wconf 85' lang='lat' dir='ltr'>geret</span> <span class='ocrx_word' id='word_1_35' title='bbox 459 927 468 969; x_wconf 87' lang='lat'>:</span> <span class='ocrx_word' id='word_1_36' title='bbox 493 898 568 969; x_wconf 90' lang='lat' dir='ltr'>hoc</span> <span class='ocrx_word' id='word_1_37' title='bbox 592 897 688 986; x_wconf 92' lang='lat' dir='ltr'>scio,</span> <span class='ocrx_word' id='word_1_38' title='bbox 716 897 746 969; x_wconf 91' lang='lat' dir='ltr'>si</span> <span class='ocrx_word' id='word_1_39' title='bbox 768 897 848 994; x_wconf 86' lang='lat' dir='ltr'>ejus¹</span> <span class='ocrx_word' id='word_1_40' title='bbox 872 896 1123 970; x_wconf 77' lang='lat' dir='ltr'>conformatio</span> <span class='ocrx_word' id='word_1_41' title='bbox 1145 901 1249 972; x_wconf 90' lang='lat' dir='ltr'>haud</span> <span class='ocrx_word' id='word_1_42' title='bbox 1266 902 1322 972; x_wconf 87' lang='lat' dir='ltr'>alia</span> <span class='ocrx_word' id='word_1_43' title='bbox 1392 899 1393 906; x_wconf 72' lang='grc'>’</span> 
     </span>
    </p>
   </div>
   <div class='ocr_carea' id='block_1_5' title="bbox 330 1003 1393 1116">
    <p class='ocr_par' dir='ltr' id='par_1_5' title="bbox 330 1003 1393 1116">
     <span class='ocr_line' id='line_1_6' title="bbox 330 1003 1393 1116; baseline -0.003 -26"><span class='ocrx_word' id='word_1_44' title='bbox 330 1033 410 1091; x_wconf 89' lang='lat' dir='ltr'>erat</span> <span class='ocrx_word' id='word_1_45' title='bbox 425 1039 469 1088; x_wconf 90' lang='lat' dir='ltr'>ac</span> <span class='ocrx_word' id='word_1_46' title='bbox 487 1016 625 1102; x_wconf 83' lang='lat' dir='ltr'>nostri,</span> <span class='ocrx_word' id='word_1_47' title='bbox 649 1013 776 1086; x_wconf 89' lang='lat' dir='ltr'>minus</span> <span class='ocrx_word' id='word_1_48' title='bbox 799 1030 938 1087; x_wconf 89' lang='lat' dir='ltr'>certam</span> <span class='ocrx_word' id='word_1_49' title='bbox 963 1039 1041 1088; x_wconf 88' lang='lat' dir='ltr'>esse</span> <span class='ocrx_word' id='word_1_50' title='bbox 1058 1019 1228 1114; x_wconf 88' lang='lat' dir='ltr'>potuisse</span> <span class='ocrx_word' id='word_1_51' title='bbox 1246 1043 1324 1116; x_wconf 82' lang='lat' dir='ltr'>pra-</span> <span class='ocrx_word' id='word_1_52' title='bbox 1392 1003 1393 1022; x_wconf 50' lang='lat'>¹</span> 
     </span>
    </p>
   </div>
   <div class='ocr_carea' id='block_1_6' title="bbox 329 1129 1324 1231">
    <p class='ocr_par' dir='ltr' id='par_1_6' title="bbox 329 1121 1393 1231">
     <span class='ocr_line' id='line_1_7' title="bbox 329 1129 1324 1231; baseline -0.004 -25"><span class='ocrx_word' id='word_1_53' title='bbox 329 1133 554 1222; x_wconf 89' lang='lat' dir='ltr'>dictionem,</span> <span class='ocrx_word' id='word_1_54' title='bbox 570 1129 609 1204; x_wconf 90' lang='lat' dir='ltr'>id</span> <span class='ocrx_word' id='word_1_55' title='bbox 625 1131 758 1204; x_wconf 81' lang='lat' dir='ltr'>vitium</span> <span class='ocrx_word' id='word_1_56' title='bbox 771 1163 788 1198; x_wconf 75' lang='lat' dir='ltr'>a</span> <span class='ocrx_word' id='word_1_57' title='bbox 800 1131 1006 1208; x_wconf 80' lang='lat' dir='ltr'>inhabilem</span> <span class='ocrx_word' id='word_1_58' title='bbox 1020 1133 1244 1231; x_wconf 84' lang='lat' dir='ltr'>generando</span> <span class='ocrx_word' id='word_1_59' title='bbox 1256 1134 1324 1206; x_wconf 86' lang='lat' dir='ltr'>red·</span> 
     </span>
    </p>
   </div>
   <div class='ocr_carea' id='block_1_7' title="bbox 224 1245 1323 1584">
    <p class='ocr_par' dir='ltr' id='par_1_7' title="bbox 224 1245 1323 1584">
     <span class='ocr_line' id='line_1_8' title="bbox 326 1245 1323 1348; baseline 0.005 -30"><span class='ocrx_word' id='word_1_60' title='bbox 326 1281 344 1318; x_wconf 75' lang='lat' dir='ltr'>a</span> <span class='ocrx_word' id='word_1_61' title='bbox 370 1251 556 1336; x_wconf 78' lang='lat' dir='ltr'>diturum,</span> <span class='ocrx_word' id='word_1_62' title='bbox 576 1245 817 1348; x_wconf 76' lang='lat' dir='ltr'>&#39;multumque</span> <span class='ocrx_word' id='word_1_63' title='bbox 833 1250 1069 1324; x_wconf 85' lang='lat' dir='ltr'>incommodi</span> <span class='ocrx_word' id='word_1_64' title='bbox 1084 1251 1125 1322; x_wconf 91' lang='lat' dir='ltr'>in</span> <span class='ocrx_word' id='word_1_65' title='bbox 1137 1251 1323 1325; x_wconf 83' lang='lat' dir='ltr'>reddenda</span> 
     </span>
     <span class='ocr_line' id='line_1_9' title="bbox 290 1367 1323 1466; baseline 0.004 -30"><span class='ocrx_word' id='word_1_66' title='bbox 290 1377 295 1388; x_wconf 87' lang='lat'>&#39;</span> <span class='ocrx_word' id='word_1_67' title='bbox 327 1398 345 1436; x_wconf 71' lang='lat' dir='ltr'>a</span> <span class='ocrx_word' id='word_1_68' title='bbox 369 1369 480 1440; x_wconf 88' lang='lat' dir='ltr'>urina</span> <span class='ocrx_word' id='word_1_69' title='bbox 498 1368 708 1440; x_wconf 88' lang='lat' dir='ltr'>allaturum.</span> <span class='ocrx_word' id='word_1_70' title='bbox 722 1395 739 1432; x_wconf 86' lang='lat'><strong>»</strong></span> <span class='ocrx_word' id='word_1_71' title='bbox 752 1371 830 1440; x_wconf 81' lang='lat' dir='ltr'>Nec</span> <span class='ocrx_word' id='word_1_72' title='bbox 843 1389 904 1438; x_wconf 89' lang='lat' dir='ltr'>me</span> <span class='ocrx_word' id='word_1_73' title='bbox 919 1367 1071 1465; x_wconf 87' lang='lat' dir='ltr'>quidem</span> <span class='ocrx_word' id='word_1_74' title='bbox 1091 1371 1260 1466; x_wconf 85' lang='lat' dir='ltr'>praeterit</span> <span class='ocrx_word' id='word_1_75' title='bbox 1273 1395 1323 1440; x_wconf 82' lang='lat' dir='ltr'>an·</span> 
     </span>
     <span class='ocr_line' id='line_1_10' title="bbox 224 1472 1321 1584; baseline -0.001 -25"><span class='ocrx_word' id='word_1_76' title='bbox 224 1517 226 1522; x_wconf 65' lang='grc'>’</span> <span class='ocrx_word' id='word_1_77' title='bbox 324 1487 452 1584; x_wconf 89' lang='lat' dir='ltr'>tiquos</span> <span class='ocrx_word' id='word_1_78' title='bbox 478 1483 645 1558; x_wconf 89' lang='lat' dir='ltr'>medicos</span> <span class='ocrx_word' id='word_1_79' title='bbox 670 1499 708 1556; x_wconf 92' lang='lat' dir='ltr'>et</span> <span class='ocrx_word' id='word_1_80' title='bbox 736 1479 956 1582; x_wconf 70' lang='lat' dir='ltr'>chirurgos,</span> <span class='ocrx_word' id='word_1_81' title='bbox 981 1472 1041 1558; x_wconf 84' lang='lat' dir='ltr'>vel</span> <span class='ocrx_word' id='word_1_82' title='bbox 1068 1487 1108 1556; x_wconf 91' lang='lat' dir='ltr'>in</span> <span class='ocrx_word' id='word_1_83' title='bbox 1129 1487 1179 1558; x_wconf 89' lang='lat' dir='ltr'>iis</span> <span class='ocrx_word' id='word_1_84' title='bbox 1195 1487 1321 1584; x_wconf 86' lang='lat' dir='ltr'>quibus</span> 
     </span>
    </p>
   </div>
   <div class='ocr_carea' id='block_1_8' title="bbox 262 1587 1393 1703">
    <p class='ocr_par' dir='ltr' id='par_1_8' title="bbox 262 1587 1393 1703">
     <span class='ocr_line' id='line_1_11' title="bbox 262 1587 1393 1703; baseline 0.001 -28"><span class='ocrx_word' id='word_1_85' title='bbox 262 1665 264 1670; x_wconf 96' lang='lat'>.</span> <span class='ocrx_word' id='word_1_86' title='bbox 323 1605 404 1703; x_wconf 91' lang='lat' dir='ltr'>ipse</span> <span class='ocrx_word' id='word_1_87' title='bbox 425 1602 588 1675; x_wconf 84' lang='lat' dir='ltr'>urethrae</span> <span class='ocrx_word' id='word_1_88' title='bbox 606 1601 745 1674; x_wconf 87' lang='lat' dir='ltr'>canalis</span> <span class='ocrx_word' id='word_1_89' title='bbox 764 1601 811 1672; x_wconf 88' lang='lat' dir='ltr'>ad</span> <span class='ocrx_word' id='word_1_90' title='bbox 832 1601 1007 1700; x_wconf 81' lang='lat' dir='ltr'>glandem</span> <span class='ocrx_word' id='word_1_91' title='bbox 1022 1627 1142 1700; x_wconf 87' lang='lat' dir='ltr'>usque</span> <span class='ocrx_word' id='word_1_92' title='bbox 1155 1605 1322 1703; x_wconf 87' lang='lat' dir='ltr'>produci·</span> <span class='ocrx_word' id='word_1_93' title='bbox 1392 1587 1393 1626; x_wconf 27' lang='grc' dir='ltr'><strong>ἶ</strong></span> 
     </span>
    </p>
   </div>
   <div class='ocr_carea' id='block_1_9' title="bbox 316 1717 1321 2287">
    <p class='ocr_par' dir='ltr' id='par_1_9' title="bbox 316 1717 1321 2287">
     <span class='ocr_line' id='line_1_12' title="bbox 320 1717 1321 1822; baseline 0.001 -28"><span class='ocrx_word' id='word_1_94' title='bbox 320 1737 401 1812; x_wconf 92' lang='lat' dir='ltr'>tur,</span> <span class='ocrx_word' id='word_1_95' title='bbox 420 1721 486 1794; x_wconf 83' lang='lat' dir='ltr'>&#39;sed</span> <span class='ocrx_word' id='word_1_96' title='bbox 505 1719 635 1793; x_wconf 83' lang='lat' dir='ltr'>subter</span> <span class='ocrx_word' id='word_1_97' title='bbox 653 1717 752 1792; x_wconf 88' lang='lat' dir='ltr'>hauc</span> <span class='ocrx_word' id='word_1_98' title='bbox 772 1717 868 1808; x_wconf 87' lang='lat' dir='ltr'>hiat,</span> <span class='ocrx_word' id='word_1_99' title='bbox 883 1718 1160 1818; x_wconf 84' lang='lat' dir='ltr'>hypospadiaeis</span> <span class='ocrx_word' id='word_1_100' title='bbox 1173 1738 1321 1822; x_wconf 87' lang='lat' dir='ltr'>propte-</span> 
     </span>
     <span class='ocr_line' id='line_1_13' title="bbox 319 1835 1321 1935; baseline 0.002 -26"><span class='ocrx_word' id='word_1_101' title='bbox 319 1863 384 1912; x_wconf 86' lang='lat' dir='ltr'>rea</span> <span class='ocrx_word' id='word_1_102' title='bbox 406 1836 652 1934; x_wconf 88' lang='lat' dir='ltr'>nuncupatis,</span> <span class='ocrx_word' id='word_1_103' title='bbox 676 1835 795 1923; x_wconf 88' lang='lat' dir='ltr'>idem,</span> <span class='ocrx_word' id='word_1_104' title='bbox 818 1835 922 1932; x_wconf 91' lang='lat' dir='ltr'>quod</span> <span class='ocrx_word' id='word_1_105' title='bbox 943 1835 990 1908; x_wconf 89' lang='lat' dir='ltr'>ad</span> <span class='ocrx_word' id='word_1_106' title='bbox 1014 1837 1253 1935; x_wconf 79' lang='lat' dir='ltr'>gignendum</span> <span class='ocrx_word' id='word_1_107' title='bbox 1275 1855 1321 1910; x_wconf 89' lang='lat' dir='ltr'>at-</span> 
     </span>
     <span class='ocr_line' id='line_1_14' title="bbox 317 1949 1319 2054; baseline 0.001 -27"><span class='ocrx_word' id='word_1_108' title='bbox 317 1957 432 2047; x_wconf 88' lang='lat' dir='ltr'>tinet,</span> <span class='ocrx_word' id='word_1_109' title='bbox 457 1953 746 2054; x_wconf 75' lang='lat' dir='ltr'>pronunciasse,</span> <span class='ocrx_word' id='word_1_110' title='bbox 771 1949 1083 2025; x_wconf 82' lang='lat' dir='ltr'>confirmantibus</span> <span class='ocrx_word' id='word_1_111' title='bbox 1106 1958 1319 2028; x_wconf 87' lang='lat' dir='ltr'>recentiori·</span> 
     </span>
     <span class='ocr_line' id='line_1_15' title="bbox 316 2067 1318 2168; baseline 0 -23"><span class='ocrx_word' id='word_1_112' title='bbox 316 2073 413 2160; x_wconf 88' lang='lat' dir='ltr'>bus,</span> <span class='ocrx_word' id='word_1_113' title='bbox 445 2087 483 2143; x_wconf 88' lang='lat' dir='ltr'>et</span> <span class='ocrx_word' id='word_1_114' title='bbox 509 2069 731 2140; x_wconf 89' lang='lat' dir='ltr'>nominatim</span> <span class='ocrx_word' id='word_1_115' title='bbox 757 2069 938 2166; x_wconf 84' lang='lat' dir='ltr'>Dyonisio</span> <span class='ocrx_word' id='word_1_116' title='bbox 958 2067 1037 2166; x_wconf 80' lang='lat' dir='ltr'>(a),</span> <span class='ocrx_word' id='word_1_117' title='bbox 1057 2069 1125 2141; x_wconf 89' lang='lat' dir='ltr'>ubi</span> <span class='ocrx_word' id='word_1_118' title='bbox 1145 2073 1318 2168; x_wconf 84' lang='lat' dir='ltr'>quasdam</span> 
     </span>
     <span class='ocr_line' id='line_1_16' title="bbox 316 2173 1316 2287; baseline 0.003 -27"><span class='ocrx_word' id='word_1_119' title='bbox 316 2191 376 2263; x_wconf 86' lang='lat' dir='ltr'>vel</span> <span class='ocrx_word' id='word_1_120' title='bbox 410 2204 495 2287; x_wconf 90' lang='lat' dir='ltr'>post</span> <span class='ocrx_word' id='word_1_121' title='bbox 520 2201 647 2258; x_wconf 89' lang='lat' dir='ltr'>ortum</span> <span class='ocrx_word' id='word_1_122' title='bbox 673 2173 800 2263; x_wconf 74' lang='lat' dir='ltr'>canoas</span> <span class='ocrx_word' id='word_1_123' title='bbox 830 2186 970 2258; x_wconf 86' lang='lat' dir='ltr'>indicat</span> <span class='ocrx_word' id='word_1_124' title='bbox 996 2187 1111 2283; x_wconf 86' lang='lat' dir='ltr'>hujus</span> <span class='ocrx_word' id='word_1_125' title='bbox 1139 2191 1234 2261; x_wconf 75' lang='lat' dir='ltr'>uitii.</span> <span class='ocrx_word' id='word_1_126' title='bbox 1253 2192 1316 2263; x_wconf 85' lang='lat' dir='ltr'>Sed</span> 
     </span>
    </p>
   </div>
   <div class='ocr_carea' id='block_1_10' title="bbox 192 2303 1316 2406">
    <p class='ocr_par' dir='ltr' id='par_1_10' title="bbox 192 2303 1316 2406">
     <span class='ocr_line' id='line_1_17' title="bbox 192 2303 1316 2406; baseline 0.007 -34"><span class='ocrx_word' id='word_1_127' title='bbox 192 2363 195 2372; x_wconf 89' lang='lat'>.</span> <span class='ocrx_word' id='word_1_128' title='bbox 315 2307 436 2377; x_wconf 88' lang='lat' dir='ltr'>miror</span> <span class='ocrx_word' id='word_1_129' title='bbox 454 2321 595 2392; x_wconf 87' lang='lat' dir='ltr'>tamen,</span> <span class='ocrx_word' id='word_1_130' title='bbox 611 2329 697 2375; x_wconf 90' lang='lat' dir='ltr'>cum</span> <span class='ocrx_word' id='word_1_131' title='bbox 716 2303 926 2376; x_wconf 85' lang='lat' dir='ltr'>Fabricium</span> <span class='ocrx_word' id='word_1_132' title='bbox 946 2319 1141 2394; x_wconf 84' lang='lat' dir='ltr'>nostrum,</span> <span class='ocrx_word' id='word_1_133' title='bbox 1157 2306 1195 2378; x_wconf 91' lang='lat' dir='ltr'>id</span> <span class='ocrx_word' id='word_1_134' title='bbox 1219 2309 1316 2406; x_wconf 90' lang='lat' dir='ltr'>quod</span> 
     </span>
    </p>
   </div>
   <div class='ocr_carea' id='block_1_11' title="bbox 314 2420 1315 2519">
    <p class='ocr_par' dir='ltr' id='par_1_11' title="bbox 314 2420 1315 2519">
     <span class='ocr_line' id='line_1_18' title="bbox 314 2420 1315 2519; baseline 0.002 -23"><span class='ocrx_word' id='word_1_135' title='bbox 314 2447 447 2496; x_wconf 87' lang='lat' dir='ltr'>eorum</span> <span class='ocrx_word' id='word_1_136' title='bbox 468 2424 604 2519; x_wconf 89' lang='lat' dir='ltr'>scripta</span> <span class='ocrx_word' id='word_1_137' title='bbox 623 2420 847 2509; x_wconf 83' lang='lat' dir='ltr'>ostendunt,</span> <span class='ocrx_word' id='word_1_138' title='bbox 869 2421 1116 2518; x_wconf 82' lang='lat' dir='ltr'>perlegerint;</span> <span class='ocrx_word' id='word_1_139' title='bbox 1139 2425 1240 2504; x_wconf 84' lang='lat' dir='ltr'>nihil</span> <span class='ocrx_word' id='word_1_140' title='bbox 1261 2452 1315 2498; x_wconf 86' lang='lat' dir='ltr'>ex·</span> 
     </span>
    </p>
   </div>
   <div class='ocr_carea' id='block_1_12' title="bbox 313 2537 1393 2650">
    <p class='ocr_par' dir='ltr' id='par_1_12' title="bbox 313 2537 1393 2650">
     <span class='ocr_line' id='line_1_19' title="bbox 313 2537 1393 2650; baseline 0.003 -37"><span class='ocrx_word' id='word_1_141' title='bbox 313 2543 460 2638; x_wconf 78' lang='lat' dir='ltr'>cepisse·</span> <span class='ocrx_word' id='word_1_142' title='bbox 481 2542 521 2609; x_wconf 89' lang='lat' dir='ltr'>in</span> <span class='ocrx_word' id='word_1_143' title='bbox 542 2563 584 2610; x_wconf 88' lang='lat' dir='ltr'>ea</span> <span class='ocrx_word' id='word_1_144' title='bbox 608 2537 871 2636; x_wconf 83' lang='lat' dir='ltr'>praedictioue;</span> <span class='ocrx_word' id='word_1_145' title='bbox 893 2537 958 2612; x_wconf 91' lang='lat' dir='ltr'>sed</span> <span class='ocrx_word' id='word_1_146' title='bbox 976 2541 1137 2642; x_wconf 80' lang='lat' dir='ltr'>omnino</span> <span class='ocrx_word' id='word_1_147' title='bbox 1159 2540 1226 2614; x_wconf 89' lang='lat' dir='ltr'>hic</span> <span class='ocrx_word' id='word_1_148' title='bbox 1247 2567 1315 2616; x_wconf 81' lang='lat' dir='ltr'>esse</span> <span class='ocrx_word' id='word_1_149' title='bbox 1392 2637 1393 2650; x_wconf 10' lang='grc' dir='ltr'>ἵ</span> 
     </span>
    </p>
   </div>
   <div class='ocr_carea' id='block_1_13' title="bbox 305 2655 1313 3353">
    <p class='ocr_par' dir='ltr' id='par_1_13' title="bbox 305 2655 1313 3342">
     <span class='ocr_line' id='line_1_20' title="bbox 311 2655 1313 2755; baseline 0.002 -27"><span class='ocrx_word' id='word_1_150' title='bbox 311 2659 564 2751; x_wconf 88' lang='lat' dir='ltr'>necessarium</span> <span class='ocrx_word' id='word_1_151' title='bbox 600 2655 770 2753; x_wconf 75' lang='lat' dir='ltr'>chirurgi</span> <span class='ocrx_word' id='word_1_152' title='bbox 790 2679 892 2753; x_wconf 81' lang='lat' dir='ltr'>‚opus</span> <span class='ocrx_word' id='word_1_153' title='bbox 918 2655 1133 2745; x_wconf 85' lang='lat' dir='ltr'>tradidisse,</span> <span class='ocrx_word' id='word_1_154' title='bbox 1168 2661 1313 2755; x_wconf 88' lang='lat' dir='ltr'>quando</span> 
     </span>
     <span class='ocr_line' id='line_1_21' title="bbox 310 2771 1311 2873; baseline 0.002 -29"><span class='ocrx_word' id='word_1_155' title='bbox 310 2773 374 2846; x_wconf 86' lang='lat' dir='ltr'>ille</span> <span class='ocrx_word' id='word_1_156' title='bbox 392 2775 529 2846; x_wconf 85' lang='lat' dir='ltr'>diserte</span> <span class='ocrx_word' id='word_1_157' title='bbox 546 2773 743 2844; x_wconf 83' lang='lat' dir='ltr'>admonuit</span> <span class='ocrx_word' id='word_1_158' title='bbox 759 2771 830 2870; x_wconf 70' lang='lat'>(3),</span> <span class='ocrx_word' id='word_1_159' title='bbox 848 2797 889 2844; x_wconf 88' lang='lat' dir='ltr'>se</span> <span class='ocrx_word' id='word_1_160' title='bbox 906 2788 1029 2844; x_wconf 79' lang='lat' dir='ltr'>tumen</span> <span class='ocrx_word' id='word_1_161' title='bbox 1048 2772 1095 2844; x_wconf 90' lang='lat' dir='ltr'>ab</span> <span class='ocrx_word' id='word_1_162' title='bbox 1114 2775 1161 2846; x_wconf 89' lang='lat' dir='ltr'>iis</span> <span class='ocrx_word' id='word_1_163' title='bbox 1181 2779 1251 2873; x_wconf 89' lang='lat' dir='ltr'>qui</span> <span class='ocrx_word' id='word_1_164' title='bbox 1277 2803 1311 2848; x_wconf 88' lang='lat' dir='ltr'>co</span> 
     </span>
     <span class='ocr_line' id='line_1_22' title="bbox 309 2888 1311 2992; baseline 0.002 -28"><span class='ocrx_word' id='word_1_165' title='bbox 309 2893 400 2964; x_wconf 80' lang='lat' dir='ltr'>vitio</span> <span class='ocrx_word' id='word_1_166' title='bbox 409 2906 641 2979; x_wconf 88' lang='lat' dir='ltr'>tenerentur,</span> <span class='ocrx_word' id='word_1_167' title='bbox 655 2889 793 2962; x_wconf 78' lang='lat' dir='ltr'>vidisse</span> <span class='ocrx_word' id='word_1_168' title='bbox 803 2888 942 2961; x_wconf 77' lang='lat' dir='ltr'>&#39;liberos</span> <span class='ocrx_word' id='word_1_169' title='bbox 953 2913 1029 2962; x_wconf 78' lang='lat' dir='ltr'>erse</span> <span class='ocrx_word' id='word_1_170' title='bbox 1036 2897 1203 2987; x_wconf 77' lang='lat' dir='ltr'>genitos,</span> <span class='ocrx_word' id='word_1_171' title='bbox 1216 2895 1311 2992; x_wconf 87' lang='lat' dir='ltr'>quod</span> 
     </span>
     <span class='ocr_line' id='line_1_23' title="bbox 310 3007 1310 3110; baseline 0.004 -29"><span class='ocrx_word' id='word_1_172' title='bbox 310 3025 347 3081; x_wconf 90' lang='lat' dir='ltr'>et</span> <span class='ocrx_word' id='word_1_173' title='bbox 365 3008 427 3080; x_wconf 91' lang='lat' dir='ltr'>alii</span> <span class='ocrx_word' id='word_1_174' title='bbox 443 3009 495 3106; x_wconf 84' lang='grc'>(4)</span> <span class='ocrx_word' id='word_1_175' title='bbox 513 3007 798 3080; x_wconf 85' lang='lat' dir='ltr'>confirmarunt.</span> <span class='ocrx_word' id='word_1_176' title='bbox 813 3010 1054 3106; x_wconf 85' lang='lat' dir='ltr'>Quapropter</span> <span class='ocrx_word' id='word_1_177' title='bbox 1067 3009 1192 3106; x_wconf 78' lang='lat' dir='ltr'>magis</span> <span class='ocrx_word' id='word_1_178' title='bbox 1204 3015 1310 3110; x_wconf 81' lang='lat' dir='ltr'>Ruys·</span> 
     </span>
     <span class='ocr_line' id='line_1_24' title="bbox 307 3123 1309 3224; baseline 0.002 -26"><span class='ocrx_word' id='word_1_179' title='bbox 307 3126 435 3198; x_wconf 90' lang='lat' dir='ltr'>chium</span> <span class='ocrx_word' id='word_1_180' title='bbox 464 3125 597 3214; x_wconf 86' lang='lat' dir='ltr'>laudo,</span> <span class='ocrx_word' id='word_1_181' title='bbox 625 3127 802 3224; x_wconf 88' lang='lat' dir='ltr'>quicum</span> <span class='ocrx_word' id='word_1_182' title='bbox 824 3123 915 3196; x_wconf 89' lang='lat' dir='ltr'>olim</span> <span class='ocrx_word' id='word_1_183' title='bbox 940 3125 995 3223; x_wconf 77' lang='lat'>(5)</span> <span class='ocrx_word' id='word_1_184' title='bbox 1018 3128 1239 3200; x_wconf 86' lang='lat' dir='ltr'>censuisset</span> <span class='ocrx_word' id='word_1_185' title='bbox 1263 3131 1309 3200; x_wconf 80' lang='lat' dir='ltr'>vi·</span> 
     </span>
     <span class='ocr_line' id='line_1_25' title="bbox 305 3240 1308 3353; baseline 0 -38"><span class='ocrx_word' id='word_1_186' title='bbox 305 3247 418 3353; x_wconf 83' lang='lat' dir='ltr'>tium,</span> <span class='ocrx_word' id='word_1_187' title='bbox 435 3258 477 3314; x_wconf 89' lang='lat' dir='ltr'>ut</span> <span class='ocrx_word' id='word_1_188' title='bbox 494 3259 588 3341; x_wconf 85' lang='lat' dir='ltr'>puto</span> <span class='ocrx_word' id='word_1_189' title='bbox 599 3243 699 3316; x_wconf 90' lang='lat' dir='ltr'>illius</span> <span class='ocrx_word' id='word_1_190' title='bbox 713 3240 817 3342; x_wconf 89' lang='lat' dir='ltr'>quod</span> <span class='ocrx_word' id='word_1_191' title='bbox 830 3241 1031 3342; x_wconf 86' lang='lat' dir='ltr'>descripsi,</span> <span class='ocrx_word' id='word_1_192' title='bbox 1039 3259 1121 3316; x_wconf 88' lang='lat' dir='ltr'>nou</span> <span class='ocrx_word' id='word_1_193' title='bbox 1131 3244 1308 3320; x_wconf 83' lang='lat' dir='ltr'>dissimile</span> 
     </span>
    </p>
   </div>
   <div class='ocr_carea' id='block_1_14' title="bbox 270 3579 1168 3954">
    <p class='ocr_par' dir='ltr' id='par_1_14' title="bbox 270 3579 1168 3954">
     <span class='ocr_line' id='line_1_26' title="bbox 342 3579 1168 3661; baseline 0.001 -22.04"><span class='ocrx_word' id='word_1_194' title='bbox 342 3580 545 3661; x_wconf 80' lang='lat' dir='ltr'>(1)1Anatom.</span> <span class='ocrx_word' id='word_1_195' title='bbox 564 3581 605 3637; x_wconf 91' lang='lat' dir='ltr'>du</span> <span class='ocrx_word' id='word_1_196' title='bbox 618 3585 700 3656; x_wconf 83' lang='lat' dir='ltr'>corp.</span> <span class='ocrx_word' id='word_1_197' title='bbox 713 3579 794 3636; x_wconf 89' lang='lat' dir='ltr'>hum.</span> <span class='ocrx_word' id='word_1_198' title='bbox 810 3600 841 3655; x_wconf 85' lang='lat' dir='ltr'>p.</span> <span class='ocrx_word' id='word_1_199' title='bbox 863 3599 892 3651; x_wconf 88' lang='lat'>1,</span> <span class='ocrx_word' id='word_1_200' title='bbox 907 3591 945 3636; x_wconf 86' lang='lat' dir='ltr'>tr.</span> <span class='ocrx_word' id='word_1_201' title='bbox 961 3600 994 3653; x_wconf 82' lang='lat' dir='ltr'>a,</span> <span class='ocrx_word' id='word_1_202' title='bbox 1014 3583 1102 3659; x_wconf 86' lang='lat' dir='ltr'>chap.</span> <span class='ocrx_word' id='word_1_203' title='bbox 1121 3604 1168 3656; x_wconf 87' lang='lat'>17.</span> 
     </span>
     <span class='ocr_line' id='line_1_27' title="bbox 337 3676 1031 3760; baseline 0.006 -26"><span class='ocrx_word' id='word_1_204' title='bbox 337 3677 379 3760; x_wconf 83' lang='lat' dir='ltr'>(a)</span> <span class='ocrx_word' id='word_1_205' title='bbox 402 3681 652 3754; x_wconf 70' lang='lat' dir='ltr'>Coursd’operat.</span> <span class='ocrx_word' id='word_1_206' title='bbox 668 3676 798 3736; x_wconf 88' lang='lat' dir='ltr'>deChir</span> <span class='ocrx_word' id='word_1_207' title='bbox 813 3681 984 3736; x_wconf 74' lang='lat' dir='ltr'>Demonstr.</span> <span class='ocrx_word' id='word_1_208' title='bbox 1003 3683 1031 3738; x_wconf 86' lang='lat'>3.</span> 
     </span>
     <span class='ocr_line' id='line_1_28' title="bbox 270 3778 1096 3858; baseline 0 -22"><span class='ocrx_word' id='word_1_209' title='bbox 270 3801 274 3811; x_wconf 72' lang='grc'>’</span> <span class='ocrx_word' id='word_1_210' title='bbox 297 3797 299 3804; x_wconf 74' lang='grc'>’</span> <span class='ocrx_word' id='word_1_211' title='bbox 336 3778 379 3856; x_wconf 81' lang='lat'>(3)</span> <span class='ocrx_word' id='word_1_212' title='bbox 401 3783 443 3835; x_wconf 87' lang='lat' dir='ltr'>De</span> <span class='ocrx_word' id='word_1_213' title='bbox 458 3780 531 3836; x_wconf 87' lang='lat' dir='ltr'>chir.</span> <span class='ocrx_word' id='word_1_214' title='bbox 545 3793 668 3856; x_wconf 87' lang='lat' dir='ltr'>operat</span> <span class='ocrx_word' id='word_1_215' title='bbox 674 3781 727 3836; x_wconf 93' lang='lat' dir='ltr'>ubi</span> <span class='ocrx_word' id='word_1_216' title='bbox 742 3780 778 3836; x_wconf 91' lang='lat' dir='ltr'>de</span> <span class='ocrx_word' id='word_1_217' title='bbox 790 3781 897 3855; x_wconf 78' lang='lat' dir='ltr'>glande</span> <span class='ocrx_word' id='word_1_218' title='bbox 909 3799 970 3836; x_wconf 88' lang='lat' dir='ltr'>non</span> <span class='ocrx_word' id='word_1_219' title='bbox 983 3783 1096 3858; x_wconf 78' lang='lat' dir='ltr'>persor.</span> 
     </span>
     <span class='ocr_line' id='line_1_29' title="bbox 339 3877 1049 3954; baseline -0.006 -15.925"><span class='ocrx_word' id='word_1_220' title='bbox 339 3877 660 3952; x_wconf 39' lang='lat' dir='ltr'>(lmlEphliCdec.</span> <span class='ocrx_word' id='word_1_221' title='bbox 680 3899 712 3939; x_wconf 95' lang='lat'>1</span> <span class='ocrx_word' id='word_1_222' title='bbox 725 3879 813 3947; x_wconf 85' lang='grc' dir='ltr'><strong>Λ.3,</strong></span> <span class='ocrx_word' id='word_1_223' title='bbox 830 3879 895 3934; x_wconf 90' lang='lat' dir='ltr'>obs</span> <span class='ocrx_word' id='word_1_224' title='bbox 911 3897 960 3954; x_wconf 85' lang='lat'>91</span> <span class='ocrx_word' id='word_1_225' title='bbox 1045 3889 1049 3898; x_wconf 81' lang='grc'><strong>“</strong></span> 
     </span>
    </p>
   </div>
   <div class='ocr_carea' id='block_1_15' title="bbox 337 3975 966 4057">
    <p class='ocr_par' dir='ltr' id='par_1_15' title="bbox 337 3975 966 4057">
     <span class='ocr_line' id='line_1_30' title="bbox 337 3975 966 4057; baseline -0.002 -24"><span class='ocrx_word' id='word_1_226' title='bbox 337 3975 378 4057; x_wconf 84' lang='grc'>(5)</span> <span class='ocrx_word' id='word_1_227' title='bbox 400 3979 479 4036; x_wconf 87' lang='lat' dir='ltr'>Mus.</span> <span class='ocrx_word' id='word_1_228' title='bbox 496 3991 575 4034; x_wconf 88' lang='lat' dir='ltr'>anat.</span> <span class='ocrx_word' id='word_1_229' title='bbox 588 3979 664 4035; x_wconf 85' lang='lat' dir='ltr'>thee</span> <span class='ocrx_word' id='word_1_230' title='bbox 680 3999 703 4035; x_wconf 94' lang='lat' dir='ltr'>c.</span> <span class='ocrx_word' id='word_1_231' title='bbox 718 3981 871 4052; x_wconf 55' lang='lat' dir='ltr'>Regma,</span> <span class='ocrx_word' id='word_1_232' title='bbox 842 3999 853 4033; x_wconf 89' lang='lat'>1</span> <span class='ocrx_word' id='word_1_233' title='bbox 891 3998 920 4034; x_wconf 88' lang='lat' dir='ltr'>n.</span> <span class='ocrx_word' id='word_1_234' title='bbox 940 3999 966 4032; x_wconf 85' lang='lat'>1.</span> 
     </span>
    </p>
   </div>
   <div class='ocr_carea' id='block_1_16' title="bbox 0 0 1410 4668">
    <p class='ocr_par' dir='ltr' id='par_1_16' title="bbox 0 0 1410 4668">
     <span class='ocr_line' id='line_1_31' title="bbox 0 0 1410 4668; baseline 0 13"><span class='ocrx_word' id='word_1_235' title='bbox 0 0 1410 4668; x_wconf 95' lang='lat' dir='ltr'> </span> 
     </span>
    </p>
   </div>
  </div>
 </body>
</html>
