2810 4668
313 409 383 510 578
476 435 523 482 os
548 431 693 482 ssomus
718 433 762 480 ss
788 429 913 482 causis
937 431 1148 523 mensorum

306 546 534 648 respondet,
565 543 720 620 fortasse
748 571 793 618 ex
823 568 1027 645 operarum
1058 548 1205 620 incuria
1231 562 1307 620 est:

309 664 551 738 tuberculum
568 677 691 736 autem
716 663 822 761 quod
841 663 881 734 in
900 665 1045 738 cervice
1064 678 1311 750 memoratur,

308 798 347 856 et
364 785 404 854 in
422 780 669 880 Sepulchrcto
684 778 763 878 (1),
779 803 851 878 pro
871 781 1073 854 sterilitatis
1090 805 1204 854 causa
1222 782 1311 852 acci-

307 902 427 1001 pitur,
441 891 641 985 Rioianus,
658 898 688 968 si
708 919 791 995 quae
814 900 1033 997 praeposuit,
1051 897 1247 986 attendas,
1261 900 1311 968 si·

306 1017 419 1091 denar
427 1039 498 1115 pro
516 1013 754 1087 fecunditatis
768 1037 880 1088 causa
888 1017 1091 1113 accepisse,
1106 1018 1309 1114 praesertin

305 1153 395 1208 curn
415 1157 458 1206 ea
475 1147 646 1204 matrona
662 1131 797 1206 sterilis
809 1153 888 1204 non
908 1131 1056 1220 fuisset,
1075 1133 1155 1204 imo
1176 1133 1310 1206 liberos

307 1247 399 1324 olim
416 1265 493 1324 tres
510 1249 697 1322 edidisset.
718 1253 859 1322 Verum
880 1264 1089 1346 utcumque
1108 1247 1193 1321 haec
1210 1265 1310 1339 sunt;

307 1369 413 1468 quod
432 1368 480 1440 ad
498 1391 569 1440 nos
596 1368 746 1456 attinet,
764 1368 804 1438 in
829 1393 875 1440 eo
911 1367 1087 1465 estquod
1105 1391 1195 1438 cum
1217 1391 1311 1440 anno

305 1492 429 1560 atatis
457 1483 502 1558 55
530 1485 758 1573 decessisset,
787 1491 964 1581 ecct'guam
1001 1490 1215 1570 matricem,
1247 1486 1310 1557 du·

305 1609 508 1693 rissimm,
530 1625 576 1674 ac
590 1605 716 1695 same
734 1599 1019 1699 cartilaginem
1044 1601 1221 1675 habebat.
1251 1606 1310 1676 vi-

301 1721 371 1795 des
401 1737 524 1794 autem
553 1719 762 1818 exiguitatis
792 1718 950 1792 modum
976 1718 1023 1792 ab
1043 1735 1201 1792 auctore
1234 1745 1309 1794 non

301 1837 470 1929 definiri3
489 1853 527 1911 et
544 1838 716 1936 quamvis
741 1836 819 1910 haec
845 1861 991 1910 summa
1015 1854 1167 1936 reperta
1189 1856 1307 1928 esset;

301 1957 350 2030 ab
372 1973 459 2030 ortu
482 1973 628 2044 tamen,
654 1971 809 2054 utpote
834 1958 873 2026 in
904 1979 1053 2053 eaquae
1086 1971 1147 2028 ter
1171 1979 1306 2057 peper-

302 2091 404 2164 erat,
434 2058 515 2146 ntin
541 2071 672 2164 fuisse3
687 2073 754 2146 scd
774 2097 795 2144 a
813 2071 967 2160 inorbo,
992 2074 1059 2170 qui
1083 2090 1216 2172 postea
1233 2099 1308 2148 sen

301 2193 373 2265 sim
412 2207 455 2262 ut
494 2189 628 2262 durem
667 2190 762 2263 adeo
808 2193 1002 2262 matricem
1044 2187 1215 2280 fecerat,
1257 2195 1306 2265 sic

300 2310 413 2382 etiam
431 2307 656 2380 contrahere
679 2323 866 2406 potuerat.
901 2307 1015 2399 Quod
1043 2306 1102 2380 fac
1131 2312 1307 2383 nemine
1392 2299 1393 2325 ¹

299 2426 352 2498 ris
375 2449 461 2498 cum
478 2427 518 2498 in
543 2425 632 2498 alias
650 2426 795 2499 incides
818 2425 932 2522 hujus
963 2427 1110 2525 generis
1131 2427 1305 2501 observa-

297 2545 441 2633 tiones,
466 2545 682 2642 incanaque
700 2545 963 2642 pracsertimin
986 2567 1061 2642 qua
1083 2544 1139 2642 (a)
1162 2543 1303 2620 femine

249 2693 250 2698 ¹
297 2661 483 2734 diuturno
505 2677 653 2748 seccato
670 2659 847 2760 hydrope
861 2659 1038 2734 confecta
1058 2677 1216 2736 uterum
1232 2667 1305 2762 qni-
1388 2651 1389 2737 i

297 2779 384 2852 dem
404 2779 506 2878 leges
533 2784 636 2850 nucis
663 2777 867 2850 moschatcc
898 2780 1198 2877 magnitudinem
1226 2805 1298 2854 non
1386 2759 1388 2842 i

295 2919 487 2994 superasse
496 2924 509 2984 ;
523 2895 697 2968 eumdem
717 2909 844 2966 tamen
864 2900 984 2966 instar
999 2896 1234 2994 cartilaginis
1247 2903 1298 2970 in·

296 3012 474 3109 darocam
478 3015 612 3108 fuisse.
625 3011 936 3086 observationem
944 3014 1238 3087 antem-alteram
1250 3017 1299 3113 (3)

295 3155 373 3229 qua
384 3155 548 3230 [sarcum
573 3137 692 3201 instar
714 3135 775 3203 ovi
794 3127 957 3204 colmnbi
970 3133 1219 3221 invenerunt,
1240 3159 1296 3207 cx·

294 3247 461 3349 plicandi
481 3250 718 3320 occasionem
742 3249 923 3346 proximis
953 3248 1085 3324 litteris
1105 3249 1163 3348 (4)
1187 3252 1297 3324 habe-

199 3437 205 3444 .
294 3365 431 3438 bimus.

399 3683 469 3739 vid.
482 3683 561 3739 inter
573 3683 675 3739 titulos
689 3635 753 3739 obs.¹
770 3691 798 3753 4,
820 3694 901 3758 post.
914 3704 944 3739 n.
962 3690 988 3751 4.

352 3702 363 3738 ι

332 3681 380 3861 i²i
398 3783 562 3840 Commerc.
574 3783 663 3839 litter.
677 3801 724 3838 an.
742 3783 836 3854 1731,
851 3802 929 3858 spec.
946 3803 996 3859 19,
1013 3803 1043 3839 n.
1059 3803 1087 3840 α.

298 3874 300 3878 ’
330 3877 375 3960 (3)
396 3882 472 3954 Eph.
490 3883 569 3938 N.C
594 3894 661 3938 cent
691 3881 880 3954 1ct2,obs.
899 3881 964 3940 105.

332 3977 423 4058 (t)1t
456 3979 502 4036 26.
