2726 4676
299 420 369 506 234
455 445 501 498 nn
528 444 673 500 srnrrns
698 445 742 490 nr
766 403 891 490 crusis
916 443 1124 502 nonnonnrr

297 581 410 656 quam
438 556 627 636 discussus
646 555 707 636 illo
730 553 875 642 furiat,
902 553 1060 640 domurn
1084 555 1223 640 abierat
1238 582 1297 630 re-

296 691 424 753 tentus
444 675 609 771 primurn
627 672 698 750 alvi
713 671 834 759 nuru,
857 687 943 770 post
960 672 1063 750 hunc
1080 689 1207 756 nutem
1225 675 1298 746 levi

296 792 450 868 alterius
472 790 573 868 oculi
599 789 913 878 inflammatione,
934 790 1097 889 deniquo
1117 817 1204 874 curn
1222 792 1298 867 hnc

298 933 452 1007 quoque
470 908 648 986 manendi
668 932 778 981 causa
797 908 941 992 sublata
970 891 1084 997 esset,
1110 910 1299 994 restitabat

297 1041 423 1102 tamen
437 1023 487 1096 ob
501 1026 669 1124 inopiam
684 1050 729 1096 eo
740 1027 937 1122 mojorem,
948 1026 1050 1124 qnod
1067 1027 1178 1112 multi
1188 1027 1299 1116 homo

298 1158 377 1216 crat
390 1141 481 1230 eibi,
500 1157 542 1214 ut
554 1145 598 1223 iis
618 1167 695 1225 non
716 1157 918 1224 contentus
938 1167 1020 1241 quae
1040 1145 1300 1228 convalesecw

299 1261 401 1335 tibus
416 1259 648 1348 offeruntur,
665 1260 772 1358 plura
789 1277 971 1358 posceret.
995 1267 1103 1344 Hunc
1121 1263 1236 1359 igitur
1250 1262 1301 1337 ibi

298 1379 397 1453 inter
414 1378 692 1460 comedendum
705 1378 805 1452 illico
822 1380 1019 1476 repentina
1039 1405 1143 1452 mors
1156 1380 1301 1459 sustulit

300 1499 378 1570 sine
396 1498 481 1574 ullis
501 1521 685 1594 syncopes
700 1511 764 1571 aut
782 1493 1039 1574 suffocationis
1057 1496 1218 1573 indiciis.
1233 1495 1301 1569 sed

298 1640 423 1712 neque
440 1639 545 1692 mora
561 1616 600 1687 in
618 1614 839 1694 nosocomio
860 1629 934 1694 tnnr
957 1614 1135 1689 diuturna
1155 1616 1300 1712 signum

298 1757 467 1830 unquam
486 1731 644 1804 dederat
661 1731 726 1810 vel·
739 1731 870 1808 leviter
896 1730 1020 1812 affecti
1048 1731 1214 1812 thoracis
1241 1745 1301 1808 aut

300 1849 469 1922 cerebri:
491 1851 651 1945 vixque,
676 1871 761 1918 cunt
783 1851 909 1930 omnia
932 1851 1186 1947 inquirerem,
1208 1873 1230 1926 a
1253 1847 1302 1918 f·

300 1968 413 2042 mulis
435 1967 563 2063 accepi
590 1965 762 2042 auditum
793 1991 872 2046 esse
896 1966 1102 2064 aliqnando
1124 1965 1173 2046 dc
1190 1968 1302 2050 urion

301 2065 387 2158 acri
420 2086 507 2158 onia
532 2099 842 2180 conquerentem.
872 2085 989 2179 Cujus
1007 2085 1194 2181 originem
1214 2086 1302 2164 acri·

301 2107 436 2275 moniis
450 2226 535 2277 euni
557 2217 661 2280 nuto
679 2200 1029 2282 manifestioremin
1047 2201 1228 2282 cadavere
1242 2201 1303 2284 do

301 2318 592 2417 prehendant,
607 2335 749 2415 quanto
765 2321 960 2416 improvisi
978 2321 1153 2401 interitus
1169 2319 1303 2400 ohscu-

302 2439 465 2521 riorern3
485 2436 629 2512 idcirco
648 2435 722 2510 hoc
742 2437 867 2534 potius
887 2461 1001 2533 quarn
1020 2437 1093 2506 alio
1117 2437 1204 2516 loco
1222 2462 1304 2508 nar·

302 2542 417 2630 canda
434 2551 650 2632 tibitcnsti
670 2577 915 2652 quaeournque
939 2553 1016 2634 ridi
1038 2569 1143 2634 sexto
1160 2555 1304 2626 circiter
1360 2613 1361 2616 ,

301 2687 458 2746 arnorte
476 2671 555 2754 dic;
574 2697 696 2768 neque
714 2672 814 2745 enirn
841 2673 891 2742 ob
909 2695 969 2750 eas
986 2695 1114 2750 causas
1134 2695 1229 2768 quas
1248 2671 1303 2746 hie

295 2782 483 2886 ‘attingere
509 2811 660 2865 necesse
688 2815 766 2868 nnn
796 2804 867 2876 est,
895 2790 1002 2887 potui
1027 2786 1304 2886 citiusrfrigorc

302 2922 444 2993 tamen,
454 2907 594 3004 qnippe
608 2905 732 2984 medio
740 2907 815 3001 jam
831 2905 1025 2986 decembri
1035 2908 1132 2988 anti
1142 2933 1153 2976 1
1163 2913 1247 3004 749,
1258 2909 1304 2978 ita

305 3023 463 3098 cadaver
476 3039 663 3098 servatum
684 3038 781 3107 erat,
810 3039 853 3094 ut
874 3047 961 3102 cunr
981 3025 1158 3100 intestina
1178 3040 1216 3102 et
1232 3049 1303 3096 me·

306 3142 508 3214 senterinm
538 3141 658 3238 pridie
689 3165 802 3237 quant
824 3141 967 3218 adirem
989 3141 1303 3228 detraherentur,

304 3283 383 3333 non
403 3259 519 3332 modo
538 3257 634 3332 nihil
647 3259 726 3334 vitii
744 3259 1007 3344 ostenderent,
1026 3283 1160 3336 verum
1172 3285 1303 3358 nogro-

303 3376 387 3445 vius
404 3375 557 3472 quidem
589 3377 744 3454 olerent.
767 3375 838 3448 Sed
860 3391 990 3452 enters
1018 3401 1100 3473 qun
1128 3377 1303 3464 vidimus,

307 3490 406 3564 facto
427 3494 534 3566 initio
555 3519 576 3567 a
595 3495 737 3592 capite,
758 3495 810 3568 sic
825 3493 973 3570 habeto.
999 3493 1154 3570 Cerebri.
1172 3495 1304 3569 herois

307 3607 493 3706 phaeriutn
510 3613 722 3699 sinistrum,
739 3627 781 3688 ut
795 3613 956 3688 exterius
970 3612 1097 3708 plnres
1109 3610 1303 3690 habuitn-

306 3751 435 3826 sotum
455 3743 609 3808 truncos
626 3755 671 3810 ex
689 3730 732 3800 iis
752 3753 833 3825 quae
846 3753 914 3826 per
931 3744 1081 3800 tenuem
1095 3730 1304 3828 meningen

306 3860 463 3940 repunt,
491 3848 670 3942 sangnine
688 3847 878 3944 turgidoQ
900 3847 1009 3918 sicin
1032 3845 1205 3942 subjecto
1224 3872 1303 3918 ven·

303 3961 439 4041 triculo
461 3986 598 4066 aquarn
615 3963 780 4036 ostendit
799 3962 1060 4037 subturbidarn
1078 3989 1159 4036 non
1174 3987 1303 4066 magna
