2810 4668
107 421 204 484 ,ma
232 417 287 465 ιιι.
315 417 363 464 nn
388 416 854 481 nonn1svnura1s,nr1sr.
883 421 995 468 xcvn.
1026 395 1092 494 591

88 532 352 629 incipientem,
380 553 504 627 eoque
531 531 656 603 minus
681 527 787 600 facile
815 533 1098 630 reperiendam,

13 694 16 704 ·
88 647 164 720 sub
185 647 449 719 observatione
471 651 548 736 LV,
568 648 595 739 S
619 645 683 736 233
703 646 769 718 sed
789 673 837 720 ne
865 648 919 719 ibi
943 649 1098 746 quidem

83 780 264 837 accurate
291 764 537 862 descriptam,
566 789 691 861 neque
717 763 822 854 ullis,
841 765 978 864 quibus
1001 793 1100 866 opus

84 898 188 965 erat,
209 881 600 954 animadversionibus
619 883 867 954 emendatam.
892 887 1099 983 scripserat

84 1000 192 1072 enim
201 999 505 1072 historiarauctor
520 999 734 1070 Dodonaeus
749 1024 795 1070 eo
807 1001 910 1098 ipso,
923 1001 1028 1098 quod
1040 1003 1098 1073 in·

86 1117 239 1189 dicatur
260 1117 382 1216 capite
401 1114 466 1205 34,
490 1139 535 1186 ex
554 1117 634 1213 ejus
653 1117 810 1214 virginis
833 1133 960 1207 utero,
979 1145 1099 1217 quan-

86 1237 229 1306 tumvis
243 1234 471 1322 exulcerat0,
486 1234 590 1306 nulla
602 1234 688 1306 idco
701 1249 782 1306 toto
791 1236 917 1308 moibi
928 1251 1099 1336 tempore

81 1368 328 1426 excrementa
355 1351 611 1442 descendisse,
640 1353 729 1451 quia
747 1349 883 1446 hymen
898 1351 1097 1444 obstabat,

86 1469 198 1569 quod
212 1486 354 1542 acturo
367 1472 576 1568 virginibus
592 1476 775 1542 concessit.
791 1475 836 1540 In
850 1471 1098 1568 Sepulchreto

85 1601 215 1660 autem
236 1588 393 1686 legimus
413 1594 479 1684 qui
501 1602 639 1659 notura
662 1589 868 1684 virginibus
884 1595 1096 1660 concrescit.

87 1711 233 1777 Verum
251 1701 569 1777 utrolibetmodo
589 1705 708 1803 legas3
728 1705 923 1802 quomodo
942 1706 1099 1804 virgini-

85 1822 163 1894 bus
189 1805 327 1895 caeteris
353 1848 501 1896 menses
529 1821 713 1894 effluunt?
730 1823 886 1933 imo·isti
905 1824 996 1920 ipsi,
1014 1849 1097 1921 quae

86 1955 171 2012 erat
194 1943 468 2038 qoinqrcagt'nta
492 1946 655 2038 quinque
674 1955 744 2010 aut
759 1965 826 2014 sor
842 1961 1047 2030 annorum,
1068 1944 1098 2014 si

86 2071 177 2129 ante
196 2057 376 2130 morbum
394 2081 475 2129 non
495 2055 724 2130 effluxissent
739 2084 748 2128 ε
762 2057 958 2155 quomo-do
970 2057 1010 2128 id
1027 2063 1099 2131 Do·

89 2175 246 2248 donaeus
265 2177 438 2248 omittere
454 2177 664 2274 potuisset?
682 2177 801 2275 Igitur
817 2201 890 2248 nec
907 2177 1013 2274 quod
1028 2205 1099 2249 na-

86 2284 179 2365 tura
198 2299 395 2380 concessit,
413 2317 483 2370 noc
504 2299 571 2391 qui
583 2309 724 2364 natura
735 2295 1096 2394 concresciclegipo·

85 2425 171 2484 test.
198 2415 395 2484 P'ostremo'
409 2423 412 2428 “
426 2410 571 2506 aliquot
593 2411 712 2510 miror
740 2411 816 2481 suis
840 2436 927 2480 cum
945 2411 1096 2487 scholiis

82 2528 389 2617 observationes,
407 2542 451 2598 ut
473 2548 556 2624 quae
578 2531 743 2598 sectione
765 2529 901 2600 XXXV
929 2527 999 2600 sub
1028 2531 1096 2603 ob·

84 2648 298 2720 servatione
310 2651 328 2717 I
342 2645 587 2744 proponitur,
608 2669 703 2734 non,
719 2645 993 2717 utinstitutum
1010 2669 1096 2744 pos·

81 2763 248 2853 tulalrat,
269 2763 315 2834 ad
333 2762 560 2834 morborum
581 2786 727 2849 causas,
750 2761 817 2834 sed
841 2761 889 2834 ad
906 2765 1096 2838 naturales

85 2885 274 2954 menstrui
303 2883 497 2979 sanguinis
522 2878 647 2952 fontes
669 2883 861 2952 attinere:
888 2879 1036 2979 hosque
1055 2885 1095 2954 in

81 3000 236 3096 vagina,
248 3000 279 3071 si
290 2985 1095 3096 productasattendasobservatioues,cons-

83 3119 172 3189 titui
190 3144 197 3186 :
217 3139 311 3214 qius
326 3117 480 3214 quidem
495 3141 564 3216 ego
580 3114 767 3188 inficiatus
778 3141 862 3188 sum
876 3141 1094 3214 nunquam3
1162 3131 1164 3135 '

81 3236 157 3308 etsi
166 3235 261 3305 mihi
270 3235 436 3307 necdum
446 3236 622 3334 contigit,
635 3249 677 3306 ut
691 3233 781 3305 alibi
794 3255 908 3330 quam
920 3236 960 3302 in
976 3231 1094 3317 fundo

82 3353 186 3424 uteri
195 3352 361 3424 viderem
372 3378 383 3441 ς
394 3377 465 3425 nec
477 3346 604 3450 mafgni
620 3350 741 3422 lacere
760 3341 914 3448 possum
930 3353 1094 3425 rationes

81 3470 268 3568 quasdam
282 3471 424 3568 quibus
434 3471 481 3541 ad
496 3469 592 3540 illud
605 3468 910 3540 confirmandum
928 3485 1095 3563 utuntur,

82 3587 190 3660 velut
196 3589 260 3660 illa
270 3611 353 3687 quc
363 3591 405 3661 iu
421 3587 566 3662 scholio
578 3587 789 3684 subjicitur,
801 3589 856 3678 §2
870 3586 1098 3663 observatio-

84 3709 148 3778 nis
156 3711 186 3795 I,
199 3707 379 3778 nimirum
387 3708 529 3806 vaginae
537 3703 746 3804 aliquando
761 3728 915 3776 cancros
926 3723 995 3777 aut
1005 3709 1097 3782 skir-

85 3824 178 3894 rhos
209 3831 446 3921 supervenire
473 3822 722 3909 incurabiles,
758 3846 877 3922 coque
911 3833 1030 3923 magis
1067 3837 1102 3900 si

89 3957 280 4014 menstrua
307 3941 505 4038 deficiant,
532 3945 622 4037 quia
642 3945 793 4035 sanguis
808 3947 876 4040 qui
894 3955 1105 4042 expurgari
1271 3933 1274 3942 ¹
