2810 4668
160 414 228 459 ΜΒ.
257 414 311 460 111.
342 413 388 508 Dp
414 411 549 458 Monals
575 411 743 476 VENUUS,
770 412 879 460 EPIST·
908 415 1004 460 vat.
1033 392 1101 490 577

104 541 148 598 ut
158 523 282 598 altera
291 531 417 598 vesica
427 526 476 596 ab
487 530 663 622 imperitis
673 523 891 596 crederetur.
905 530 1004 600 Num
1018 555 1108 602 vero

104 644 304 740 quisquam
328 642 387 713 vel
412 643 713 740 imperitissimus
732 659 879 740 poterat
900 670 1014 741 quem
1028 635 1109 745 'ego

106 762 311 860 conspexi,
330 785 401 858 pro
425 759 539 832 altera
559 761 681 832 vesica
712 762 905 858 accipere,
935 763 1106 855 brevem,

106 894 386 976 angustumque
400 877 513 966 adeo,
533 875 711 974 nullaque
724 879 1000 975 propemodum
1019 907 1112 954 cras·

105 995 272 1068 situdine
286 997 301 1064 ,2
317 993 428 1086 Quod
444 1019 606 1092 repones
624 997 763 1092 pariter
780 997 924 1068 Judecii
938 998 1113 1070 observa·

105 1115 203 1186 tioni
223 1111 276 1210 (1)
300 1113 340 1184 in
365 1112 479 1184 altera
505 1111 639 1199 sterili,
675 1127 822 1182 uterum
862 1123 980 1186 instar
998 1123 1111 1214 pomi

108 1230 373 1328 Borsdorstonr'
400 1235 551 1300 minoris
587 1244 818 1300 contractum
851 1236 1111 1330 proponentis.

107 1351 200 1438 Quae
218 1348 444 1435 observatio,
469 1363 510 1418 ut
539 1373 583 1418 ex
605 1348 775 1418 instituto
806 1365 906 1420 certe
933 1351 1115 1442 debebat,

108 1467 266 1538 minime
284 1468 323 1536 iu
350 1467 514 1538 sectione
539 1465 611 1535 hac
642 1481 970 1538 commemoratur.
1001 1473 1114 1542 Com-

110 1599 344 1655 memoratur
371 1599 496 1656 antem
524 1584 639 1654 altera
660 1583 713 1680 (a)
738 1587 775 1654 in
794 1610 871 1688 qna
885 1601 1015 1658 uterus
1038 1595 1115 1658 exi·

106 1729 204 1800 guus
222 1717 259 1773 et
278 1717 401 1773 arctus
420 1700 532 1772 fuisse
553 1700 744 1788 scribitur,
764 1703 886 1797 qualis
906 1703 1048 1800 puellre
1070 1732 1113 1778 10

106 1836 181 1892 aut
199 1829 243 1892 ιι·
260 1843 455 1892 annorum.
482 1822 556 1910 Qui
579 1836 778 1917 propterea
801 1820 897 1891 nihil
918 1822 965 1892 ad
993 1827 1114 1897 nostri

110 1940 351 2036 parvitatem3
374 1938 543 2035 quamvis
573 1937 635 2008 ille
664 1961 899 2035 compressus
935 1956 1115 2037 praeterea

107 2056 187 2128 dici
213 2081 290 2126 non
317 2070 443 2154 posset
459 2045 512 2126 'ab
547 2070 654 2144 utre,
680 2081 724 2126 ex
753 2056 835 2152 ipso
868 2049 1018 2128 initium
1052 2085 1114 2132 su-

109 2189 257 2262 mente,
286 2187 323 2244 et
340 2173 481 2244 ventris
514 2173 756 2270 capacitatem
779 2174 856 2268 jam
885 2199 906 2244 a
935 2178 1114 2250 sexennio

106 2291 297 2388 explente.
320 2289 597 2362 Describuntur
618 2289 783 2387 denique
804 2316 848 2361 ex
864 2292 1022 2363 Riolano
1044 2294 1115 2366 ob-

108 2409 339 2482 servationes
355 2407 437 2478 duae
458 2407 532 2502 (3),
553 2431 663 2502 quas,
685 2409 714 2477 si
739 2407 851 2504 paulo
869 2412 1046 2482 attentius
1060 2412 1115 2482 le-

109 2551 195 2625 gas,
218 2551 333 2596 unam
356 2521 607 2621 eamdemque
642 2547 721 2595 esse
741 2526 887 2596 sentias.
917 2530 994 2597 Nec
1026 2553 1114 2602 sane

98 2643 213 2716 *aliud
231 2643 432 2720 discrimen
448 2656 523 2729 est,
548 2642 627 2712 nisi.
639 2641 749 2740 quod
767 2642 805 2710 in
826 2641 1020 2738 prioribus
1039 2647 1114 2714 An·
1132 2671 1133 2678 ¹

107 2743 416 2859 thropograpbia²
431 2757 660 2833 editionibus
678 2759 751 2854 (4),
773 2757 873 2828 unde
894 2761 1014 2854 prima
1031 2759 1115 2834 des·

106 2879 268 2952 cribitur
287 2876 498 2950 observatio
531 2900 679 2948 nomen
695 2890 874 2946 matronae
898 2877 1112 2974 appositum

106 3013 183 3086 est;
205 2998 244 3066 in
268 2995 540 3095 posterioribus
571 2992 648 3092 (5),
671 2993 773 3064 unde
801 2993 914 3064 altera
920 3048 936 3093 ἱ
964 3010 1113 3094 praeter·

107 3117 284 3204 missum;
310 3139 398 3185 nam
426 3112 531 3210 quod
560 3099 690 3209 capitis
724 3135 904 3200 numerus
934 3113 1114 3186 neutrubi

165 3493 179 3528 1
217 3473 374 3542 Quaerest
388 3467 523 3524 meddrt
539 3467 578 3522 ad
594 3477 664 3522 sect
683 3485 736 3537 ιο,
749 3469 769 3522 l.
787 3486 814 3522 ι.
841 3483 859 3529 s

163 3612 180 3650 a
216 3593 294 3649 Sect.
309 3587 429 3660 hacbl„
447 3589 511 3644 obs
528 3591 660 3658 4,§17.

150 3471 195 3553 ()

150 3593 195 3674 (i

148 3715 193 3792 (3)
214 3708 454 3780 lb1d3et5.

163 3831 302 3911 )Ut1n
316 3831 425 3886 illaan
444 3828 539 3898 1626,
557 3829 576 3882 1.
597 3846 631 3896 a,
649 3827 735 3892 034.

183 3951 193 4031 )

186 4051 219 4123 5.

214 3952 303 4030 Utin
316 3951 366 4008 ills
381 3968 420 4006 en
435 3950 528 4024 1649,
544 3947 610 4044 eod.
626 3966 651 4002 c.

149 3834 180 3913 (t

149 3953 181 4034 (⁵
