2740 4670
278 367 348 472 376
444 391 489 446 ui:
515 400 659 446 suemus
685 401 728 446 ar
754 393 877 447 causis
902 393 1112 449 uouaouutt

276 513 524 610 interroganti
545 512 792 610 responderet
813 539 895 610 quae
920 513 1154 585 medicorum
1189 531 1274 584 con*
1363 495 1364 510 ἵ

276 629 470 702 firmarent
486 631 670 727 judicium
687 659 697 718 3
714 632 831 709 malui
850 633 1104 704 assensionem
1123 631 1275 704 sustine*

277 772 338 834 re;
361 774 431 819 nec
454 773 514 818 me
534 749 730 844 poenituit,
756 774 842 820 curn
875 749 1020 846 aliquot
1040 763 1126 846 post
1151 749 1276 818 mensi·-

275 863 348 934 bus
374 891 420 936 ex
445 867 585 936 mortui
611 865 661 936 ob
689 867 800 966 longe
820 866 927 936 aliam
949 877 1118 951 causam,
1150 865 1276 948 adme
1360 933 1363 943 ,

277 983 389 1054 missa
407 983 656 1064 dissectione,
683 973 820 1054 certior
846 979 964 1054 lactus
988 1007 1070 1054 sum
1092 981 1278 1078 deceptio·

278 1123 365 1170 uem
385 1099 579 1185 accidisse,
597 1124 616 1169 a
634 1100 701 1172 cel.
720 1098 1201 1195 Heister0(1)indicatam‚
1223 1099 1279 1168 sci

278 1216 364 1286 licet
377 1215 473 1285 nihil
494 1215 546 1286 ibi
564 1215 633 1288 sub
648 1232 731 1288 cute
744 1192 883 1319 praetel
893 1215 1161 1314 pinguedinem
1173 1213 1278 1286 luisse

279 1333 430 1404 cellulas
448 1333 721 1404 distendentem
741 1333 966 1404 membranae
986 1333 1148 1429 adiposae
1175 1359 1182 1401 ε
1205 1357 1278 1402 nou

277 1475 298 1520 a
317 1452 542 1547 peritonae0‚
560 1449 664 1546 quod
686 1451 793 1520 nullo
817 1449 931 1520 modo
951 1450 1075 1520 laxum
1103 1465 1204 1538 erat,
1223 1474 1277 1519 ex-

211 1657 215 1662 .
278 1583 443 1640 trorsum
465 1567 685 1664 compulsae,
714 1567 778 1638 sed
797 1582 956 1664 propter
974 1569 1159 1662 majorem
1179 1593 1225 1638 eo
1242 1569 1277 1634 in

279 1684 365 1756 loco
384 1710 456 1756 sure
474 1682 714 1782 pinguedinis
743 1685 889 1780 copiam
910 1709 955 1754 eo
974 1685 1013 1752 in
1032 1684 1117 1754 loco
1139 1685 1277 1780 promi·

278 1805 425 1873 nentis:
449 1801 591 1898 quode
614 1827 750 1898 genere
774 1817 967 1872 tumorum
989 1802 1036 1872 ad
1060 1817 1095 1872 te
1123 1801 1276 1898 alias(2)
1364 1813 1365 1840 ¹

281 1919 452 1990 scribam.
476 1919 547 1990 Sed
573 1934 615 1990 ut
646 1918 924 1992 bubonocelem
948 1919 1153 2017 aliquando
1180 1945 1276 1989 men·
1362 1957 1365 2006 s

280 2039 441 2122 tiantur,
459 2036 624 2108 ostendit
642 2037 803 2108 Schulzii
819 2037 873 2133 (3)
893 2037 1104 2108 observatio
1121 2037 1163 2106 in
1181 2038 1274 2123 vire,

280 2157 319 2223 in
345 2179 422 2250 quo
452 2169 557 2226 tanto
587 2151 732 2225 facilior
756 2152 884 2232 luisset
908 2179 1036 2244 error,
1064 2155 1170 2251 qubd
1199 2173 1275 2224 cum
1360 2238 1363 2259 ι

265 2272 640 2362 Ιεεεθῑ,τηειείίεηῑιιε,
659 2297 772 2343 nemo
792 2286 932 2344 tantam
954 2272 1199 2370 pinguedinis
1219 2295 1275 2342 co·
1360 2268 1364 2340 ff

280 2390 379 2483 piam
407 2391 502 2460 vasis
535 2392 765 2487 spermaticis
794 2390 1009 2486 adjunctam
1036 2405 1212 2486 putasset.
1236 2393 1275 2458 Et
1364 2383 1365 2402 ¹

279 2508 449 2602 quamvis
469 2509 697 2606 praepinguis
721 2525 816 2580 esset
843 2509 936 2580 alter
965 2533 1080 2605 quem
1106 2506 1276 2579 dissecuit
1364 2567 1365 2590 ,

280 2623 469 2696 Petschius
501 2625 572 2720 (ως
601 2631 791 2696 tamenin
817 2625 974 2724 proclivi
1004 2623 1178 2722 deceptio
1206 2636 1278 2718 erat*

279 2746 482 2838 propterea
499 2745 587 2838 quia
603 2742 795 2840 pinguedo
813 2737 859 2812 in'
873 2741 1077 2830 substantia
1091 2740 1274 2838 peritouaei

282 2859 460 2930 cellulosa
481 2860 653 2947 collecta,
666 2886 743 2958 per
760 2858 921 2942 annulos
937 2859 993 2928 ad
1006 2875 1188 2946 scrotum,
1204 2882 1273 2926 non
1299 2943 1301 2946 Ι
1346 2843 1365 2880 ”

281 2977 317 3044 in
337 2992 520 3072 utroque,
550 2977 614 3048 sed
639 2979 677 3046 in
700 2977 853 3048 dextero
882 2977 1064 3048 duntaxat
1085 2977 1218 3063 latere,
1237 2999 1274 3044 ea

281 3094 388 3191 copia
405 3093 739 3190 progrediebatur,
756 3109 797 3164 ut
820 3093 873 3164 ibi
893 3093 1113 3166 oscheoccle
1135 3119 1212 3166 esse
1231 3091 1272 3160 vi·
1363 3113 1365 3156 ι

280 3209 441 3280 deretur.
462 3214 579 3280 Porro
600 3213 638 3280 in
664 3227 809 3299 serem,
837 3211 903 3282 ubi
928 3211 1159 3308 caeteroquin
1184 3205 1272 3278 haud

279 3343 364 3396 raro
382 3351 469 3414 ¹cum
485 3328 680 3424 multiplex
701 3328 812 3398 simul
832 3343 887 3400 est
906 3327 1047 3400 herniae
1071 3351 1209 3426 genus,
1230 3323 1272 3393 al·

380 3745 474 3819 Epist.
492 3745 543 3815 50,
557 3767 587 3800 n.
602 3756 649 3814 24.

381 3849 447 3900 Aet.
460 3847 498 3899 N.
513 3849 545 3902 C.
562 3858 633 3902 toni.
651 3863 683 3916 1,
697 3842 760 3902 obs.
778 3849 842 3906 225.

383 3946 496 4021 Syllog.
511 3955 590 4000 aaut.
609 3947 674 4002 obs.
690 3951 705 4014 S
723 3947 771 4020 89.
