2790 4668
154 448 221 495 nr.
252 448 306 500 ιιι.
335 444 381 502 ur
408 443 543 500 uentu
563 445 731 510 rennuis,
756 443 868 496 rerer.
894 444 992 494 xrrv.
1021 419 1091 522 487

92 563 169 649 bus,
191 561 229 638 id
248 553 303 640 est
320 561 485 640 sectione
497 563 621 651 xxti}
634 614 644 648 ,
659 558 724 632 ubi
742 558 812 632 sub
830 559 1093 634 observatione

94 677 354 770 habeturv1§
370 682 413 764 Δ,
427 699 473 752 ex
489 691 570 750 toto
583 675 831 773 descriptam,
849 699 937 746 enm
952 675 1095 749 deum

92 795 173 870 thra
195 795 369 874 universe
388 792 619 882 exulcerata,
649 807 687 867 et
709 793 894 890 sanguine
914 808 1096 874 nonoretn

92 914 198 1014 plena
229 910 410 990 neutrubi
434 911 510 988 ulla
538 910 678 985 mentio
701 908 776 984 fiat.
809 895 952 982 Verum
979 925 1021 982 ut
1047 908 1097 982 nd

95 1053 200 1110 renes
217 1053 339 1126 usque
355 1042 480 1126 serpet
495 1026 636 1104 malum
646 1081 657 1116 ,
667 1026 968 1116 diuturntramt
976 1027 1101 1118 rides,

93 1173 114 1223 a
129 1145 324 1224 Dodonaeo
335 1145 558 1244 requiritur,
576 1160 613 1220 et
626 1145 856 1243 gonorrhoea
870 1169 954 1244 quae
970 1141 1098 1217 observ
1176 1159 1177 1163 ‘

96 1267 242 1348 vatione
263 1264 326 1340 illa
348 1265 599 1361 proponitur,
633 1285 755 1344 annos
770 1263 983 1361 perstiterat
1002 1261 1100 1334 duu-

96 1382 283 1478 teviginti.
312 1382 396 1471 Quo
419 1395 544 1458 tamen
566 1369 701 1470 modo,
726 1379 793 1452 uhi
813 1383 937 1458 vesica
953 1379 1101 1453 emtce-
1134 1411 1139 1419 ·

95 1515 169 1571 rata
187 1514 260 1589 est,
280 1499 410 1570 vitium
425 1522 493 1596 per
512 1499 658 1570 urinam
679 1498 737 1580 rel
754 1499 876 1569 multo
891 1498 1002 1570 citius
1016 1519 1102 1596 pos-

98 1618 141 1688 sit
161 1641 247 1688 cunt
281 1615 514 1704 ureteribus‚
544 1613 776 1712 renibusque
808 1616 1102 1703 communicari,

98 1735 162 1804 alia
188 1732 341 1805 anobis
359 1733 515 1832 epistola
535 1733 590 1830 (ι)
606 1732 812 1804 indicatum
839 1749 912 1806 est:
943 1723 1024 1830 ¹qun
1054 1758 1099 1804 ex

99 1850 180 1923 loco
194 1851 364 1950 quaedam
375 1875 504 1949 posses
520 1866 700 1948 tanquam
716 1875 939 1938 concausaS,
961 1853 990 1922 si
1003 1873 1101 1948 opus

100 1985 213 2058 esset,
229 1968 440 2068 prudenter
456 1969 647 2066 accipere,
667 1984 705 2040 et
724 1967 770 2039 ad
799 1968 898 2040 hanc
917 1967 1101 2038 Dodouaei

102 2086 422 2182 observationem,
438 2101 481 2158 ut
499 2101 575 2159 tres
596 2102 742 2158 nostras
762 2112 840 2158 non
870 2088 919 2156 ita
939 2085 1101 2158 dissimi-

103 2203 151 2276 les
166 2204 219 2302 (α)
234 2205 473 2292 omittamus,
488 2203 784 2276 accommodare.
799 2208 893 2277 Nam
910 2189 1103 2303 inug'ouor·

103 2322 202 2394 rhoea
227 2338 304 2396 tam
330 2321 525 2408 diuturna,
551 2337 703 2419 tumque
720 2324 859 2411 atroci,
889 2347 972 2419 quae
988 2321 1103 2420 dysu·

104 2441 173 2527 ria,
194 2455 229 2512 et
251 2464 334 2536 quae
351 2437 540 2509 interdurn
564 2439 772 2537 stranguria
802 2464 881 2511 esse
908 2438 1104 2528 debuerit,

104 2557 184 2627 satis
207 2570 382 2654 apparet3
406 2563 526 2628 vesica
551 2571 674 2626 autem
702 2555 821 2653 plane
846 2554 970 2652 rigida
997 2558 1103 2651 (non

97 2672 212 2768 plane
220 2671 685 2771 stigidaptineptissimae
693 2671 972 2771 descripserunt
982 2695 1105 2771 operae

108 2791 142 2860 in
160 2790 422 2890 Sepulchreto)
439 2815 507 2862 nec
523 2788 694 2879 ertendi,
724 2814 792 2860 nec
809 2790 983 2861 contrahi
991 2805 1103 2889 pote·

106 2925 172 2978 rat.
192 2907 262 2980 Sed
280 2923 315 2978 et
334 2908 431 2979 salva
455 2911 596 2995 vesica,
617 2933 637 2978 a
656 2906 851 3006 gravibus,
870 2922 907 2978 et
936 2910 1104 3010 repetitis

108 3025 344 3121 gonorrhoeis
373 3031 484 3096 re'nes
510 3050 620 3124 posse
641 3027 782 3114 vitiari,
809 3026 867 3096 vel
895 3049 940 3096 ex
967 3049 1009 3096 ea
1028 3027 1104 3097 evi-

108 3141 235 3216 denter
253 3142 375 3218 elucet
391 3141 568 3214 Valsalvae
586 3141 758 3230 historia,
788 3167 901 3240 quam
922 3144 1021 3214 inter
1037 3143 1104 3214 ini·

109 3260 153 3329 tia
174 3259 342 3358 ejusdem
367 3259 530 3358 epistolae
545 3259 599 3357 (3)
617 3261 905 3358 proposuimus,
927 3286 1005 3332 non
1030 3285 1106 3334 ser-

109 3393 216 3473 pente
231 3380 344 3477 igitur
359 3402 403 3450 ex
421 3376 709 3466 urethrama10,
738 3376 803 3449 sed
820 3379 896 3449 vias
915 3379 1107 3476 sanguinis
1136 3417 1140 3424 ·

111 3492 311 3583 subeunte,
328 3518 396 3592 per
419 3517 555 3592 easque
578 3491 624 3564 ad
647 3518 756 3566 renes
780 3493 979 3566 traductu-
994 3499 1107 3568 Caete-

111 3679 350 3694 m

164 3813 175 3848 ι
211 3813 249 3850 *2
283 3813 337 3852 ua
370 3836 377 3850 .

148 3793 192 3970 {ri
212 3804 324 3970 guina,
330 3794 370 3954 ii.
388 3892 441 3966 ιδ,
459 3903 488 3950 et
500 3893 594 3970 Epist.
607 3889 662 3966 IV,
673 3911 703 3950 n.
721 3911 776 3968 19,
788 3903 818 3951 et
828 3895 930 3967 xm,
946 3915 979 3954 n.
992 3899 1042 3963 to.

153 3988 195 4068 (3)
215 3994 253 4052 N.
276 4012 304 4052 ι.
338 4018 340 4022 ⁴
665 4013 668 4022 ·
