2726 4676
258 379 262 392 ¹
308 399 377 476 258
478 425 523 474 nn
549 424 695 474 srmrus
719 427 763 472 rr
788 425 912 474 ciuus
937 425 1146 476 nouronmr

302 539 466 636 denique
491 536 592 634 apud
622 536 848 612 Lindenium
876 536 930 634 (ι)
947 539 1068 616 visum
1087 565 1108 614 a
1130 538 1291 638 pluribus

301 679 443 738 unum,
460 679 538 752 quo
551 653 661 749 pauci
675 654 864 750 graviores
879 656 1066 749 comperti
1076 670 1183 743 suut,
1200 681 1290 730 uem·

302 795 349 870 pe
363 771 561 842 unciarum
578 769 909 856 32,dnr1·sstmum‚
927 788 1180 869 compactum,
1192 773 1290 846 silicis

303 887 450 972 colore,
471 886 757 983 triangularem,
783 911 832 958 ex
853 911 928 982 quo
952 891 1176 980 cumscrro,
1196 905 1235 964 ut
1249 913 1290 964 er

300 1005 423 1093 silice,
444 1003 661 1076 eliciebatur
689 1008 791 1100 ignis.
817 1005 920 1094 Quos
948 1006 1088 1102 pariter
1120 1022 1292 1080 memorat

300 1121 504 1194 Panarolus
535 1122 593 1219 (α)
624 1135 700 1192 tom
726 1119 857 1207 duros,
886 1136 927 1192 ut
943 1127 1109 1220 pyritem
1140 1123 1291 1222 lapidem

300 1239 567 1344 aemularentur
573 1267 586 1326 ;
602 1243 770 1337 percussi
793 1237 888 1308 enim
913 1237 1289 1338 chalybe,·flammam

301 1358 536 1446 evomebant,
569 1355 743 1427 consulto
760 1369 964 1452 praetereo,
985 1381 1032 1428 ne
1061 1354 1158 1434 forte
1179 1358 1289 1455 quina

299 1474 457 1546 muliere
474 1473 564 1546 dicit
582 1487 772 1559 excretos,
792 1469 920 1548 iurum
947 1473 1001 1544 illi
1014 1471 1170 1550 -factum
1184 1475 1289 1573 suspi-

300 1593 412 1679 ceris,
432 1592 586 1690 quando
602 1589 843 1664 Bartholinus
856 1589 910 1688 β)
925 1590 984 1662 vel
1001 1592 1041 1661 in
1057 1593 1140 1689 ipsa
1155 1591 1290 1666 lithoto

300 1710 371 1782 mia
397 1711 448 1782 sic
471 1710 689 1806 impositum
716 1705 828 1780 fuisse
846 1731 866 1782 a
887 1705 1086 1782 vaferrimo
1109 1708 1288 1784 nebulone

299 1851 398 1924 ucgro
415 1827 671 1912 nobilissim0,
693 1825 901 1923 amicisque
920 1824 1188 1922 praesentibus,
1207 1826 1290 1900 mul·

299 1959 358 2016 tos
377 1945 467 2016 hinc
495 1942 699 2038 conjecisse
725 1940 872 2031 scribit,
889 1942 993 2040 quod
1017 1967 1036 2019 c
1063 1943 1289 2040 supposititio

300 2061 444 2135 calculo
459 2059 625 2133 scintillae
640 2045 926 2148 excuterentur,
941 2058 1288 2158 impossibilc'auten

297 2184 345 2252 sit
357 2175 470 2248 talem
492 2181 529 2246 in
557 2175 706 2248 homine
728 2174 891 2274 lapidem
905 2183 1101 2273 generari:
1120 2175 1289 2274 quamob

298 2317 378 2366 rem
398 2294 456 2365 vix
476 2318 513 2366 se
531 2292 767 2380 continebat,
784 2295 876 2391 quin
897 2294 1026 2368 similis
1044 2293 1197 2372 duritiei
1212 2294 1288 2369 ulte·

298 2428 383 2482 rum
407 2412 445 2480 in
466 2410 624 2482 dubium
643 2425 811 2500 vocaret,
840 2435 975 2508 quem,
991 2425 1035 2482 ut
1058 2410 1223 2488 humanu
1251 2435 1287 2482 ex

297 2528 418 2599 vesica
436 2542 595 2617 sectum,
616 2526 687 2598 sibi
710 2527 891 2603 donatum
908 2527 1081 2602 habebat.
1099 2533 1239 2604 Verum
1252 2527 1286 2598 il·

297 2644 356 2718 los
365 2669 461 2742 quos
474 2670 518 2718 ex
529 2645 777 2743 Sepulcbreto
788 2647 986 2743 proposui,
999 2669 1132 2719 omnes
1144 2647 1183 2716 in
1197 2643 1287 2720 cada·

297 2787 429 2833 verum
446 2764 566 2834 vesica
584 2764 727 2836 inventi
742 2763 943 2840 dicuntur:
959 2777 1053 2844 etne
1066 2760 1207 2838 fraudis
1215 2786 1286 2834 cau·

298 2903 374 2952 sam
400 2877 511 2952 fuisse
532 2879 699 2968 dubites,
719 2881 864 2978 primus
881 2895 981 2952 certe
1004 2881 1043 2952 in
1062 2863 1285 2977 sene'depre·

296 2995 438 3070 hensus
457 3011 511 3068 est
528 2999 802 3094 quinunquam
824 2997 871 3068 de
893 2997 1037 3070 calculo
1054 3000 1185 3073 vcs'icae
1209 3021 1284 3068 con·

298 3127 452 3208 questus
472 3110 613 3202 fuerat,
641 3129 684 3186 ut
712 3137 906 3214 uunquam
934 3114 980 3186 de
1006 3115 1163 3188 renibus
1187 3138 1285 3194 senex

298 3231 495 3328 ulter,qni
521 3233 710 3302 tamenin
741 3231 895 3304 dextero
923 3230 1087 3330 lapidem
1118 3231 1283 3310 hahebat,

296 3348 452 3420 insolitae
470 3348 738 3446 magnitudinis
766 3363 802 3420 et
828 3347 978 3448 figuret,
1008 3349 1145 3428 duritie
1173 3365 1281 3425 autem

298 3489 562 3563 quemcumque
573 3464 953 3562 silicemoequnntem,
973 3482 1015 3538 ut
1029 3468 1086 3538 vir
1098 3468 1143 3538 cl.
1157 3466 1282 3549 scribit,

254 3733 257 3738 Ι
332 3761 378 3839 (1)
399 3764 475 3821 lbid.
488 3766 551 3820 obs.
571 3784 603 3836 1,
623 3769 685 3836 51,
700 3775 808 3822 etsoct.
823 3773 876 3838 24,
893 3766 958 3824 obs.
975 3785 1028 3839 10,
1047 3768 1102 3838 53.

330 3861 376 3938 (u)
396 3864 594 3938 Iatrologism.
606 3878 687 3937 pent.
703 3883 734 3933 2,
746 3866 810 3921 obs.
824 3866 871 3932 34.

331 3958 372 4040 (3)
395 3964 477 4018 Cent.
497 3970 529 4034 4,
545 3962 638 4036 Epist.
654 3963 760 4020 medic.
779 3983 844 4021 roo.
