2746 4674
127 433 197 480 un.
227 427 284 480 m.
312 428 359 478 DE
384 426 520 478 nunms
545 427 718 493 VERRIS,
744 429 854 480 urlsr.
881 433 953 480 xm.
988 436 1058 512 207

59 548 174 619 linum
191 547 258 642 (1).
284 549 425 617 Verum
444 567 523 614 nou
543 567 692 641 semper
715 555 791 614 tota
814 561 977 642 prostare
1003 557 1061 622 est

59 665 210 737 tumida.
245 660 351 734 Haud
380 685 466 734 raro
494 661 574 757 ejus
601 661 865 732 tantummodo
890 667 1062 762 superior

59 782 218 854 ambitus
239 796 304 851 aut
327 779 498 876 undique
517 769 581 852 a'ut
599 795 703 851 certa
726 803 771 849 ex
794 796 897 878 parte
921 784 974 854 sic
999 797 1073 855 ert-⁶

58 900 185 970 crescit
205 913 245 970 et
264 910 406 982 tumet,
424 909 465 966 ut
488 897 604 965 urinae
624 895 765 968 exitum
788 897 970 968 occludat.
989 903 1061 972 Ex-

59 1017 258 1088 rrescentis
274 1014 369 1086 adeo
386 1029 428 1085 nt
443 1012 481 1083 id
499 1011 657 1101 faceret,
689 1015 859 1112 exempla
884 1039 1060 1113 possum,

59 1148 95 1204 ut
122 1149 245 1231 puto,
281 1157 327 1202 ex
355 1129 603 1228 Sepulchreto
632 1130 797 1203 indicare
817 1159 824 1201 :
844 1157 1059 1206 excrescere

59 1266 175 1322 autem
191 1249 408 1346 incipientis
422 1247 549 1351 plures
564 1244 657 1316 mihi
668 1261 755 1320 sunt
768 1247 1059 1341 observationes,

59 1389 164 1464 ques,
182 1381 228 1438 ut
243 1387 355 1464 parva
373 1387 600 1462 magnorum
621 1328 840 1436 morborum
856 1367 1059 1442 initianos·

59 1507 131 1569 eus,
154 1481 221 1555 bic
238 1483 309 1554 iliis
324 1481 461 1554 ordine
477 1481 661 1577 subjicere
681 1507 759 1552 nou
780 1476 973 1581 gravabor.
994 1489 1059 1558 Se·

59 1626 136 1673 nem
157 1603 200 1672 in
224 1601 293 1672 hac
313 1598 552 1696 Sepulchreti
573 1599 739 1670 sectione
758 1599 938 1672 describit
954 1601 1058 1674 Rho-

59 1719 134 1790 dius
147 1719 230 1816 (a),
250 1718 291 1787 in
315 1738 399 1814 quo
418 1716 635 1786 mictionem
653 1713 790 1788 fecerat
808 1717 945 1790 sensim
963 1717 1057 1790 diffi-

16 1817 20 1828 ¹
60 1836 246 1923 cilionem,
269 1834 435 1931 denique
463 1848 608 1921 autem,
629 1855 740 1904 muco
765 1833 912 1924 addito,
939 1839 1055 1910 uriae

60 1955 148 2028 rium
183 1975 338 2026 omnem
368 1952 630 2027 intercluserat
649 1951 723 2022 soii
747 1957 881 2025 veriore
908 1941 1053 2050 orificio

60 2069 305 2169 appendicula
319 2067 486 2158 callosa,
501 2074 653 2140 intortius
676 2067 842 2160 adnata,
869 2087 907 2144 et
929 2079 1054 2145 verius

62 2191 211 2259 interior
227 2189 385 2259 ambitus
399 2187 539 2282 orificii
553 2187 832 2258 membranosur
848 2194 886 2258 iri
904 2189 1056 2262 articuli

61 2303 342 2401 magnitudinem
370 2323 590 2374 succrescens.
625 2307 733 2376 Certe
764 2304 899 2377 clarius
930 2310 1054 2404 potuit
1154 2315 1155 2319 ’

62 2440 130 2492 rem
150 2420 387 2508 describere,
405 2436 448 2492 ut
468 2423 500 2492 is
520 2420 700 2518 puritera
721 2445 797 2520 qno
819 2425 1051 2516 Caecubum,

61 2538 144 2611 adeo
175 2541 307 2612 vesica
336 2537 480 2610 morbis
507 2540 648 2628 vexati,
672 2535 772 2610 idem
804 2539 988 2643 orificium
1011 2546 1051 2616 in

62 2659 215 2729 sectione
244 2657 413 2755 proxima
437 2655 495 2753 (3)
522 2655 754 2754 descriptum
779 2657 910 2756 leges:
936 2685 1051 2757 quam

62 2771 341 2874 descriptionem
358 2795 488 2870 graves
504 2773 660 2871 insuper
678 2773 883 2846 obscurant
905 2801 1053 2848 errores

61 2890 385 2991 typographorum.
405 2889 476 2962 Sed
491 2894 522 2962 si
538 2907 639 2962 recte
655 2915 728 2988 ego
740 2915 823 2988 quae
832 2895 1053 2989 uterqueri·

63 3006 203 3098 derunt,
234 3028 434 3106 assequor3
457 3004 558 3080 illius
579 3006 718 3078 orificii
749 3007 910 3080 ambitus
935 3035 1051 3106 quem

62 3137 193 3220 summa
214 3137 377 3224 prostati
394 3121 500 3213 faut,
514 3148 536 3196 u
549 3126 664 3196 nimie
676 3123 790 3220 hujus
802 3123 1050 3222 protuberan-

62 3244 104 3312 tis
114 3242 363 3316 attollebatur.
387 3242 564 3338 Ejusdem
587 3259 711 3314 autem
740 3237 1051 3341 glandulae'sum·

62 3377 154 3430 mum
176 3360 284 3432 illum
311 3359 493 3433 ambitum
522 3361 692 3458 undique
712 3383 927 3432 excrescere
953 3342 1051 3432 iuci-

62 3476 214 3570 pientem
227 3479 269 3550 in
283 3502 370 3552 sene
382 3477 476 3565 vidi,
495 3478 602 3574 cujus
619 3477 831 3565 historiam,
851 3475 916 3549 ubi
937 3478 983 3550 de
999 3476 1050 3550 fe·

96 3777 133 3858 (1)
152 3783 227 3857 Eph.
242 3781 280 3838 N.
294 3781 328 3837 C.
341 3781 405 3843 dec,
419 3781 454 3850 3,
467 3783 504 3837 A.
519 3800 538 3856 9
551 3790 580 3836 et
598 3799 650 3849 ro,
667 3781 734 3854 obs..
755 3781 819 3849 148.

96 3878 136 3954 (a)
155 3882 226 3938 obs.
244 3883 326 3950 12,§
342 3881 370 3938 3.

100 3976 138 4053 (d
158 3981 228 4038 obs.
250 3981 276 4036 3.
