<?xml version="1.0" encoding="UTF-8"?>
<!DOCTYPE html PUBLIC "-//W3C//DTD XHTML 1.0 Transitional//EN"
    "http://www.w3.org/TR/xhtml1/DTD/xhtml1-transitional.dtd">
<html xmlns="http://www.w3.org/1999/xhtml" xml:lang="en" lang="en">
 <head>
  <title>
</title>
<meta http-equiv="Content-Type" content="text/html;charset=utf-8" />
  <meta name='ocr-system' content='tesseract 3.04.00' />
  <meta name='ocr-capabilities' content='ocr_page ocr_carea ocr_par ocr_line ocrx_word'/>
</head>
<body>
  <div class='ocr_page' id='page_1' title='image "./desedibusetcaus05adelgoog_0381.png"; bbox 0 0 2740 4670; ppageno 0'>
   <div class='ocr_carea' id='block_1_1' title="bbox 286 405 1126 509">
    <p class='ocr_par' dir='ltr' id='par_1_1' title="bbox 286 405 1126 509">
     <span class='ocr_line' id='line_1_1' title="bbox 286 405 1126 509; baseline 0.002 -25"><span class='ocrx_word' id='word_1_1' title='bbox 286 405 357 509; x_wconf 81' lang='lat'>378</span> <span class='ocrx_word' id='word_1_2' title='bbox 452 435 496 484; x_wconf 82' lang='lat' dir='ltr'>mr</span> <span class='ocrx_word' id='word_1_3' title='bbox 523 433 671 486; x_wconf 76' lang='lat' dir='ltr'>seorsus</span> <span class='ocrx_word' id='word_1_4' title='bbox 696 434 738 484; x_wconf 79' lang='lat' dir='ltr'>rr</span> <span class='ocrx_word' id='word_1_5' title='bbox 764 431 888 485; x_wconf 70' lang='lat' dir='ltr'>crusis</span> <span class='ocrx_word' id='word_1_6' title='bbox 914 429 1126 486; x_wconf 72' lang='lat' dir='ltr'>notrorum</span> 
     </span>
    </p>
   </div>
   <div class='ocr_carea' id='block_1_2' title="bbox 281 547 1286 1937">
    <p class='ocr_par' dir='ltr' id='par_1_2' title="bbox 282 547 1286 1678">
     <span class='ocr_line' id='line_1_2' title="bbox 284 547 1281 650; baseline 0.002 -33"><span class='ocrx_word' id='word_1_7' title='bbox 284 563 429 646; x_wconf 80' lang='lat' dir='ltr'>ceptam</span> <span class='ocrx_word' id='word_1_8' title='bbox 449 571 527 623; x_wconf 87' lang='lat' dir='ltr'>esse</span> <span class='ocrx_word' id='word_1_9' title='bbox 545 565 689 650; x_wconf 78' lang='lat' dir='ltr'>partem</span> <span class='ocrx_word' id='word_1_10' title='bbox 714 551 790 621; x_wconf 84' lang='lat' dir='ltr'>sire</span> <span class='ocrx_word' id='word_1_11' title='bbox 809 550 856 621; x_wconf 84' lang='lat' dir='ltr'>ad</span> <span class='ocrx_word' id='word_1_12' title='bbox 876 549 1119 636; x_wconf 74' lang='lat' dir='ltr'>umbilicum,</span> <span class='ocrx_word' id='word_1_13' title='bbox 1149 550 1226 622; x_wconf 76' lang='lat' dir='ltr'>sire</span> <span class='ocrx_word' id='word_1_14' title='bbox 1240 547 1281 619; x_wconf 80' lang='lat' dir='ltr'>ad</span> 
     </span>
     <span class='ocr_line' id='line_1_3' title="bbox 284 659 1285 764; baseline 0.003 -30"><span class='ocrx_word' id='word_1_15' title='bbox 284 666 446 764; x_wconf 79' lang='lat' dir='ltr'>inguen,</span> <span class='ocrx_word' id='word_1_16' title='bbox 463 670 539 740; x_wconf 89' lang='lat' dir='ltr'>sive</span> <span class='ocrx_word' id='word_1_17' title='bbox 558 669 598 738; x_wconf 86' lang='lat' dir='ltr'>in</span> <span class='ocrx_word' id='word_1_18' title='bbox 626 681 771 756; x_wconf 73' lang='lat' dir='ltr'>seroie,</span> <span class='ocrx_word' id='word_1_19' title='bbox 794 659 836 739; x_wconf 80' lang='lat' dir='ltr'>ut</span> <span class='ocrx_word' id='word_1_20' title='bbox 857 668 940 757; x_wconf 86' lang='lat' dir='ltr'>alii,</span> <span class='ocrx_word' id='word_1_21' title='bbox 960 669 1036 740; x_wconf 70' lang='lat' dir='ltr'>sire</span> <span class='ocrx_word' id='word_1_22' title='bbox 1057 668 1106 739; x_wconf 88' lang='lat' dir='ltr'>ad</span> <span class='ocrx_word' id='word_1_23' title='bbox 1134 663 1285 738; x_wconf 76' lang='lat' dir='ltr'>lenioris</span> 
     </span>
     <span class='ocr_line' id='line_1_4' title="bbox 283 783 1283 884; baseline 0.003 -31"><span class='ocrx_word' id='word_1_24' title='bbox 283 783 454 872; x_wconf 82' lang='lat' dir='ltr'>initium,</span> <span class='ocrx_word' id='word_1_25' title='bbox 474 799 517 856; x_wconf 92' lang='lat' dir='ltr'>ut</span> <span class='ocrx_word' id='word_1_26' title='bbox 546 809 617 856; x_wconf 85' lang='lat' dir='ltr'>nos</span> <span class='ocrx_word' id='word_1_27' title='bbox 641 783 960 884; x_wconf 81' lang='lat' dir='ltr'>deprehendimus</span> <span class='ocrx_word' id='word_1_28' title='bbox 980 787 1054 876; x_wconf 67' lang='grc' dir='ltr'>(ηε</span> <span class='ocrx_word' id='word_1_29' title='bbox 1072 801 1109 857; x_wconf 81' lang='lat' dir='ltr'>et</span> <span class='ocrx_word' id='word_1_30' title='bbox 1131 801 1283 867; x_wconf 84' lang='lat' dir='ltr'>coutm,</span> 
     </span>
     <span class='ocr_line' id='line_1_5' title="bbox 283 902 1284 992; baseline 0.004 -22"><span class='ocrx_word' id='word_1_31' title='bbox 283 902 431 972; x_wconf 77' lang='lat' dir='ltr'>tametsi</span> <span class='ocrx_word' id='word_1_32' title='bbox 439 917 672 974; x_wconf 78' lang='lat' dir='ltr'>recrementa</span> <span class='ocrx_word' id='word_1_33' title='bbox 691 903 794 974; x_wconf 80' lang='lat' dir='ltr'>nulla</span> <span class='ocrx_word' id='word_1_34' title='bbox 811 903 1137 992; x_wconf 56' lang='lat' dir='ltr'>transeant‚*nihil</span> <span class='ocrx_word' id='word_1_35' title='bbox 1163 915 1284 974; x_wconf 75' lang='lat' dir='ltr'>lamed</span> 
     </span>
     <span class='ocr_line' id='line_1_6' title="bbox 285 1019 1285 1118; baseline 0 -30"><span class='ocrx_word' id='word_1_36' title='bbox 285 1019 357 1090; x_wconf 89' lang='lat' dir='ltr'>nisi</span> <span class='ocrx_word' id='word_1_37' title='bbox 376 1031 520 1115; x_wconf 82' lang='lat' dir='ltr'>partem</span> <span class='ocrx_word' id='word_1_38' title='bbox 536 1019 696 1117; x_wconf 84' lang='lat' dir='ltr'>aliquam</span> <span class='ocrx_word' id='word_1_39' title='bbox 716 1022 867 1118; x_wconf 76' lang='lat' dir='ltr'>parietis</span> <span class='ocrx_word' id='word_1_40' title='bbox 885 1021 1049 1092; x_wconf 84' lang='lat' dir='ltr'>intestini</span> <span class='ocrx_word' id='word_1_41' title='bbox 1071 1040 1150 1092; x_wconf 84' lang='lat' dir='ltr'>esse</span> <span class='ocrx_word' id='word_1_42' title='bbox 1173 1020 1285 1091; x_wconf 75' lang='lat' dir='ltr'>inter·</span> 
     </span>
     <span class='ocr_line' id='line_1_7' title="bbox 285 1135 1286 1235; baseline 0 -29"><span class='ocrx_word' id='word_1_43' title='bbox 285 1149 459 1234; x_wconf 79' lang='lat' dir='ltr'>cepturn3</span> <span class='ocrx_word' id='word_1_44' title='bbox 478 1153 520 1209; x_wconf 92' lang='lat' dir='ltr'>ut</span> <span class='ocrx_word' id='word_1_45' title='bbox 537 1161 608 1209; x_wconf 85' lang='lat' dir='ltr'>nos</span> <span class='ocrx_word' id='word_1_46' title='bbox 621 1137 710 1208; x_wconf 86' lang='lat' dir='ltr'>olim</span> <span class='ocrx_word' id='word_1_47' title='bbox 736 1137 782 1209; x_wconf 81' lang='lat' dir='ltr'>ud</span> <span class='ocrx_word' id='word_1_48' title='bbox 802 1139 942 1235; x_wconf 66' lang='lat' dir='ltr'>inguen</span> <span class='ocrx_word' id='word_1_49' title='bbox 961 1137 1124 1209; x_wconf 85' lang='lat' dir='ltr'>vidimus</span> <span class='ocrx_word' id='word_1_50' title='bbox 1138 1135 1196 1234; x_wconf 74' lang='lat' dir='ltr'>(s)</span> <span class='ocrx_word' id='word_1_51' title='bbox 1216 1157 1286 1208; x_wconf 87' lang='lat' dir='ltr'>nu-</span> 
     </span>
     <span class='ocr_line' id='line_1_8' title="bbox 283 1251 1286 1352; baseline 0.004 -32"><span class='ocrx_word' id='word_1_52' title='bbox 283 1253 449 1349; x_wconf 84' lang='lat' dir='ltr'>perrime</span> <span class='ocrx_word' id='word_1_53' title='bbox 466 1267 590 1340; x_wconf 68' lang='lat' dir='ltr'>autem</span> <span class='ocrx_word' id='word_1_54' title='bbox 610 1255 670 1326; x_wconf 87' lang='lat' dir='ltr'>vel</span> <span class='ocrx_word' id='word_1_55' title='bbox 691 1251 849 1325; x_wconf 85' lang='lat' dir='ltr'>inferius</span> <span class='ocrx_word' id='word_1_56' title='bbox 869 1253 1068 1352; x_wconf 76' lang='lat' dir='ltr'>chirurgus</span> <span class='ocrx_word' id='word_1_57' title='bbox 1089 1255 1286 1351; x_wconf 60' lang='lat' dir='ltr'>experiris*</span> 
     </span>
     <span class='ocr_line' id='line_1_9' title="bbox 283 1369 1286 1468; baseline 0.003 -30"><span class='ocrx_word' id='word_1_58' title='bbox 283 1369 447 1441; x_wconf 82' lang='lat' dir='ltr'>tissimus</span> <span class='ocrx_word' id='word_1_59' title='bbox 472 1373 658 1442; x_wconf 86' lang='lat' dir='ltr'>Antonius</span> <span class='ocrx_word' id='word_1_60' title='bbox 683 1371 893 1444; x_wconf 87' lang='lat' dir='ltr'>Benevolus</span> <span class='ocrx_word' id='word_1_61' title='bbox 908 1371 974 1467; x_wconf 61' lang='lat'>(3).</span> <span class='ocrx_word' id='word_1_62' title='bbox 1004 1370 1075 1442; x_wconf 85' lang='lat' dir='ltr'>Sed</span> <span class='ocrx_word' id='word_1_63' title='bbox 1096 1386 1134 1442; x_wconf 86' lang='lat' dir='ltr'>et</span> <span class='ocrx_word' id='word_1_64' title='bbox 1157 1387 1286 1468; x_wconf 75' lang='lat' dir='ltr'>postes</span> 
     </span>
     <span class='ocr_line' id='line_1_10' title="bbox 283 1483 1286 1585; baseline 0.003 -30"><span class='ocrx_word' id='word_1_65' title='bbox 283 1483 438 1558; x_wconf 87' lang='lat' dir='ltr'>fortusse</span> <span class='ocrx_word' id='word_1_66' title='bbox 458 1490 527 1558; x_wconf 89' lang='lat' dir='ltr'>erit</span> <span class='ocrx_word' id='word_1_67' title='bbox 545 1489 633 1560; x_wconf 82' lang='lat' dir='ltr'>alias</span> <span class='ocrx_word' id='word_1_68' title='bbox 653 1489 691 1557; x_wconf 92' lang='lat' dir='ltr'>in</span> <span class='ocrx_word' id='word_1_69' title='bbox 714 1488 983 1585; x_wconf 77' lang='lat' dir='ltr'>dignoscendis</span> <span class='ocrx_word' id='word_1_70' title='bbox 997 1487 1140 1560; x_wconf 78' lang='lat' dir='ltr'>herniis</span> <span class='ocrx_word' id='word_1_71' title='bbox 1162 1485 1286 1559; x_wconf 75' lang='lat' dir='ltr'>faciles</span> 
     </span>
     <span class='ocr_line' id='line_1_11' title="bbox 282 1599 936 1678; baseline 0.002 -5"><span class='ocrx_word' id='word_1_72' title='bbox 282 1599 594 1676; x_wconf 83' lang='lat' dir='ltr'>hallucinationes</span> <span class='ocrx_word' id='word_1_73' title='bbox 613 1605 805 1676; x_wconf 82' lang='lat' dir='ltr'>iudicandi</span> <span class='ocrx_word' id='word_1_74' title='bbox 821 1605 936 1678; x_wconf 83' lang='lat' dir='ltr'>locus.</span> 
     </span>
    </p>

    <p class='ocr_par' dir='ltr' id='par_1_3' title="bbox 281 1720 1284 1937">
     <span class='ocr_line' id='line_1_12' title="bbox 333 1720 1283 1820; baseline 0 -29"><span class='ocrx_word' id='word_1_75' title='bbox 333 1745 387 1791; x_wconf 88' lang='lat'>11.</span> <span class='ocrx_word' id='word_1_76' title='bbox 405 1726 516 1793; x_wconf 87' lang='lat' dir='ltr'>Nunc</span> <span class='ocrx_word' id='word_1_77' title='bbox 536 1723 635 1794; x_wconf 87' lang='lat' dir='ltr'>enirn</span> <span class='ocrx_word' id='word_1_78' title='bbox 654 1723 796 1820; x_wconf 85' lang='lat' dir='ltr'>aliquid</span> <span class='ocrx_word' id='word_1_79' title='bbox 816 1721 1080 1820; x_wconf 82' lang='lat' dir='ltr'>attingendum</span> <span class='ocrx_word' id='word_1_80' title='bbox 1098 1735 1155 1794; x_wconf 85' lang='lat' dir='ltr'>est</span> <span class='ocrx_word' id='word_1_81' title='bbox 1175 1720 1223 1794; x_wconf 92' lang='lat' dir='ltr'>de</span> <span class='ocrx_word' id='word_1_82' title='bbox 1241 1721 1283 1791; x_wconf 82' lang='lat' dir='ltr'>iis</span> 
     </span>
     <span class='ocr_line' id='line_1_13' title="bbox 281 1838 1284 1937; baseline 0 -29"><span class='ocrx_word' id='word_1_83' title='bbox 281 1859 365 1935; x_wconf 83' lang='lat' dir='ltr'>quae</span> <span class='ocrx_word' id='word_1_84' title='bbox 382 1840 540 1911; x_wconf 84' lang='lat' dir='ltr'>attinent</span> <span class='ocrx_word' id='word_1_85' title='bbox 558 1839 604 1910; x_wconf 84' lang='lat' dir='ltr'>ad</span> <span class='ocrx_word' id='word_1_86' title='bbox 616 1840 781 1937; x_wconf 82' lang='lat' dir='ltr'>prolapsi</span> <span class='ocrx_word' id='word_1_87' title='bbox 799 1841 837 1910; x_wconf 90' lang='lat' dir='ltr'>in</span> <span class='ocrx_word' id='word_1_88' title='bbox 858 1851 1025 1911; x_wconf 84' lang='lat' dir='ltr'>scrotum</span> <span class='ocrx_word' id='word_1_89' title='bbox 1043 1838 1213 1909; x_wconf 85' lang='lat' dir='ltr'>intestini</span> <span class='ocrx_word' id='word_1_90' title='bbox 1228 1861 1284 1908; x_wconf 84' lang='lat' dir='ltr'>re-</span> 
     </span>
    </p>
   </div>
   <div class='ocr_carea' id='block_1_3' title="bbox 281 1955 1367 2054">
    <p class='ocr_par' dir='ltr' id='par_1_4' title="bbox 281 1955 1367 2054">
     <span class='ocr_line' id='line_1_14' title="bbox 281 1955 1367 2054; baseline -0.006 -28"><span class='ocrx_word' id='word_1_91' title='bbox 281 1957 531 2054; x_wconf 87' lang='lat' dir='ltr'>positionem,</span> <span class='ocrx_word' id='word_1_92' title='bbox 575 1971 618 2028; x_wconf 92' lang='lat' dir='ltr'>ut</span> <span class='ocrx_word' id='word_1_93' title='bbox 644 1959 731 2030; x_wconf 86' lang='lat' dir='ltr'>satis</span> <span class='ocrx_word' id='word_1_94' title='bbox 758 1982 778 2027; x_wconf 85' lang='lat' dir='ltr'>a</span> <span class='ocrx_word' id='word_1_95' title='bbox 806 1981 865 2027; x_wconf 87' lang='lat' dir='ltr'>me</span> <span class='ocrx_word' id='word_1_96' title='bbox 901 1956 970 2028; x_wconf 88' lang='lat' dir='ltr'>tibi</span> <span class='ocrx_word' id='word_1_97' title='bbox 992 1956 1072 2044; x_wconf 85' lang='lat' dir='ltr'>fiat,</span> <span class='ocrx_word' id='word_1_98' title='bbox 1103 1955 1284 2052; x_wconf 73' lang='lat' dir='ltr'>quaerenti</span> <span class='ocrx_word' id='word_1_99' title='bbox 1366 1985 1367 2020; x_wconf 60' lang='lat' dir='ltr'>t</span> 
     </span>
    </p>
   </div>
   <div class='ocr_carea' id='block_1_4' title="bbox 279 2065 1282 2641">
    <p class='ocr_par' dir='ltr' id='par_1_5' title="bbox 279 2065 1282 2641">
     <span class='ocr_line' id='line_1_15' title="bbox 279 2065 1282 2172; baseline -0.002 -28"><span class='ocrx_word' id='word_1_100' title='bbox 279 2095 373 2144; x_wconf 88' lang='lat' dir='ltr'>num</span> <span class='ocrx_word' id='word_1_101' title='bbox 387 2073 554 2146; x_wconf 82' lang='lat' dir='ltr'>Valsalva</span> <span class='ocrx_word' id='word_1_102' title='bbox 574 2099 594 2146; x_wconf 81' lang='lat' dir='ltr'>a</span> <span class='ocrx_word' id='word_1_103' title='bbox 614 2076 817 2172; x_wconf 80' lang='lat' dir='ltr'>clysterum</span> <span class='ocrx_word' id='word_1_104' title='bbox 830 2099 901 2147; x_wconf 89' lang='lat' dir='ltr'>usu</span> <span class='ocrx_word' id='word_1_105' title='bbox 913 2089 1005 2146; x_wconf 87' lang='lat' dir='ltr'>tuuc</span> <span class='ocrx_word' id='word_1_106' title='bbox 1024 2065 1282 2146; x_wconf 78' lang='lat' dir='ltr'>abhorreret?</span> 
     </span>
     <span class='ocr_line' id='line_1_16' title="bbox 281 2189 1280 2291; baseline -0.002 -31"><span class='ocrx_word' id='word_1_107' title='bbox 281 2189 349 2262; x_wconf 89' lang='lat' dir='ltr'>Ille</span> <span class='ocrx_word' id='word_1_108' title='bbox 367 2215 478 2278; x_wconf 81' lang='lat' dir='ltr'>vero,</span> <span class='ocrx_word' id='word_1_109' title='bbox 494 2191 596 2288; x_wconf 90' lang='lat' dir='ltr'>quod</span> <span class='ocrx_word' id='word_1_110' title='bbox 619 2215 664 2263; x_wconf 76' lang='lat' dir='ltr'>ex</span> <span class='ocrx_word' id='word_1_111' title='bbox 677 2194 825 2290; x_wconf 82' lang='lat' dir='ltr'>scripto</span> <span class='ocrx_word' id='word_1_112' title='bbox 844 2217 1000 2291; x_wconf 84' lang='lat' dir='ltr'>quoque</span> <span class='ocrx_word' id='word_1_113' title='bbox 1019 2191 1099 2288; x_wconf 82' lang='lat' dir='ltr'>ejus</span> <span class='ocrx_word' id='word_1_114' title='bbox 1125 2189 1280 2262; x_wconf 87' lang='lat' dir='ltr'>consilio</span> 
     </span>
     <span class='ocr_line' id='line_1_17' title="bbox 280 2305 1280 2406; baseline 0 -30"><span class='ocrx_word' id='word_1_115' title='bbox 280 2306 518 2406; x_wconf 80' lang='lat' dir='ltr'>intelligitur,</span> <span class='ocrx_word' id='word_1_116' title='bbox 532 2307 664 2380; x_wconf 87' lang='lat' dir='ltr'>sedulo</span> <span class='ocrx_word' id='word_1_117' title='bbox 684 2310 858 2397; x_wconf 83' lang='lat' dir='ltr'>curabat,</span> <span class='ocrx_word' id='word_1_118' title='bbox 876 2325 918 2381; x_wconf 89' lang='lat' dir='ltr'>ut</span> <span class='ocrx_word' id='word_1_119' title='bbox 936 2308 1112 2394; x_wconf 83' lang='lat' dir='ltr'>debebat,</span> <span class='ocrx_word' id='word_1_120' title='bbox 1131 2305 1280 2404; x_wconf 82' lang='lat' dir='ltr'>nequid</span> 
     </span>
     <span class='ocr_line' id='line_1_18' title="bbox 280 2424 1281 2522; baseline 0 -28"><span class='ocrx_word' id='word_1_121' title='bbox 280 2424 511 2522; x_wconf 84' lang='lat' dir='ltr'>reponendis</span> <span class='ocrx_word' id='word_1_122' title='bbox 537 2427 722 2498; x_wconf 86' lang='lat' dir='ltr'>intestinis</span> <span class='ocrx_word' id='word_1_123' title='bbox 754 2426 938 2516; x_wconf 84' lang='lat' dir='ltr'>obstaret,</span> <span class='ocrx_word' id='word_1_124' title='bbox 966 2429 1046 2498; x_wconf 86' lang='lat' dir='ltr'>imo</span> <span class='ocrx_word' id='word_1_125' title='bbox 1069 2441 1112 2496; x_wconf 85' lang='lat' dir='ltr'>ut</span> <span class='ocrx_word' id='word_1_126' title='bbox 1141 2425 1281 2508; x_wconf 70' lang='lat' dir='ltr'>omnir,</span> 
     </span>
     <span class='ocr_line' id='line_1_19' title="bbox 280 2541 1278 2641; baseline -0.002 -27"><span class='ocrx_word' id='word_1_127' title='bbox 280 2543 406 2640; x_wconf 84' lang='lat' dir='ltr'>quoad</span> <span class='ocrx_word' id='word_1_128' title='bbox 420 2543 499 2638; x_wconf 85' lang='lat' dir='ltr'>ejus</span> <span class='ocrx_word' id='word_1_129' title='bbox 509 2541 590 2614; x_wconf 83' lang='lat' dir='ltr'>lieri</span> <span class='ocrx_word' id='word_1_130' title='bbox 605 2560 744 2641; x_wconf 85' lang='lat' dir='ltr'>posset,</span> <span class='ocrx_word' id='word_1_131' title='bbox 761 2544 939 2616; x_wconf 84' lang='lat' dir='ltr'>redituris</span> <span class='ocrx_word' id='word_1_132' title='bbox 963 2545 1002 2614; x_wconf 88' lang='lat' dir='ltr'>in</span> <span class='ocrx_word' id='word_1_133' title='bbox 1023 2558 1198 2615; x_wconf 85' lang='lat' dir='ltr'>ventrem</span> <span class='ocrx_word' id='word_1_134' title='bbox 1224 2565 1278 2612; x_wconf 78' lang='lat' dir='ltr'>ee·</span> 
     </span>
    </p>
   </div>
   <div class='ocr_carea' id='block_1_5' title="bbox 278 2773 1280 3100">
    <p class='ocr_par' dir='ltr' id='par_1_6' title="bbox 278 2773 1280 3100">
     <span class='ocr_line' id='line_1_20' title="bbox 279 2773 1280 2875; baseline -0.004 -25"><span class='ocrx_word' id='word_1_135' title='bbox 279 2792 395 2866; x_wconf 80' lang='lat' dir='ltr'>esset,</span> <span class='ocrx_word' id='word_1_136' title='bbox 417 2778 521 2868; x_wconf 85' lang='lat' dir='ltr'>quod</span> <span class='ocrx_word' id='word_1_137' title='bbox 541 2779 694 2851; x_wconf 68' lang='lat' dir='ltr'>maturis</span> <span class='ocrx_word' id='word_1_138' title='bbox 719 2779 897 2875; x_wconf 82' lang='lat' dir='ltr'>appositis</span> <span class='ocrx_word' id='word_1_139' title='bbox 926 2776 1033 2848; x_wconf 82' lang='lat' dir='ltr'>crudi</span> <span class='ocrx_word' id='word_1_140' title='bbox 1058 2773 1113 2846; x_wconf 84' lang='lat' dir='ltr'>fili</span> <span class='ocrx_word' id='word_1_141' title='bbox 1138 2790 1280 2874; x_wconf 77' lang='lat' dir='ltr'>praesta·</span> 
     </span>
     <span class='ocr_line' id='line_1_21' title="bbox 278 2892 1280 2992; baseline -0.002 -28"><span class='ocrx_word' id='word_1_142' title='bbox 278 2893 361 2983; x_wconf 81' lang='lat' dir='ltr'>bat,</span> <span class='ocrx_word' id='word_1_143' title='bbox 380 2894 497 2965; x_wconf 81' lang='lat' dir='ltr'>calida</span> <span class='ocrx_word' id='word_1_144' title='bbox 515 2894 824 2992; x_wconf 78' lang='lat' dir='ltr'>permadentibus</span> <span class='ocrx_word' id='word_1_145' title='bbox 844 2896 882 2964; x_wconf 90' lang='lat' dir='ltr'>in</span> <span class='ocrx_word' id='word_1_146' title='bbox 901 2919 977 2991; x_wconf 86' lang='lat' dir='ltr'>qua</span> <span class='ocrx_word' id='word_1_147' title='bbox 997 2892 1111 2965; x_wconf 83' lang='lat' dir='ltr'>flores</span> <span class='ocrx_word' id='word_1_148' title='bbox 1126 2892 1280 2965; x_wconf 72' lang='lat' dir='ltr'>chamn-</span> 
     </span>
     <span class='ocr_line' id='line_1_22' title="bbox 278 3007 1280 3100; baseline -0.004 -20"><span class='ocrx_word' id='word_1_149' title='bbox 278 3011 389 3097; x_wconf 86' lang='lat' dir='ltr'>meli,</span> <span class='ocrx_word' id='word_1_150' title='bbox 418 3025 454 3082; x_wconf 82' lang='lat' dir='ltr'>et</span> <span class='ocrx_word' id='word_1_151' title='bbox 491 3012 665 3100; x_wconf 84' lang='lat' dir='ltr'>meliloti,</span> <span class='ocrx_word' id='word_1_152' title='bbox 696 3012 838 3083; x_wconf 77' lang='lat' dir='ltr'>semina</span> <span class='ocrx_word' id='word_1_153' title='bbox 864 3025 992 3082; x_wconf 79' lang='lat' dir='ltr'>autern</span> <span class='ocrx_word' id='word_1_154' title='bbox 1029 3010 1098 3081; x_wconf 87' lang='lat' dir='ltr'>lini</span> <span class='ocrx_word' id='word_1_155' title='bbox 1130 3025 1169 3082; x_wconf 88' lang='lat' dir='ltr'>et</span> <span class='ocrx_word' id='word_1_156' title='bbox 1196 3007 1280 3080; x_wconf 79' lang='lat' dir='ltr'>foeni</span> 
     </span>
    </p>
   </div>
   <div class='ocr_carea' id='block_1_6' title="bbox 163 2657 1366 2758">
    <p class='ocr_par' dir='ltr' id='par_1_7' title="bbox 163 2657 1366 2758">
     <span class='ocr_line' id='line_1_23' title="bbox 163 2657 1366 2758; baseline -0.003 -28"><span class='ocrx_word' id='word_1_157' title='bbox 163 2703 168 2716; x_wconf 81' lang='lat'><strong>·</strong></span> <span class='ocrx_word' id='word_1_158' title='bbox 280 2659 423 2731; x_wconf 87' lang='lat' dir='ltr'>derent.</span> <span class='ocrx_word' id='word_1_159' title='bbox 440 2665 570 2758; x_wconf 83' lang='lat' dir='ltr'>Itaque</span> <span class='ocrx_word' id='word_1_160' title='bbox 588 2661 653 2732; x_wconf 92' lang='lat' dir='ltr'>ubi</span> <span class='ocrx_word' id='word_1_161' title='bbox 672 2662 803 2740; x_wconf 84' lang='lat' dir='ltr'>hernia</span> <span class='ocrx_word' id='word_1_162' title='bbox 818 2661 969 2732; x_wconf 88' lang='lat' dir='ltr'>mollior</span> <span class='ocrx_word' id='word_1_163' title='bbox 979 2661 1175 2756; x_wconf 83' lang='lat' dir='ltr'>aliquanto</span> <span class='ocrx_word' id='word_1_164' title='bbox 1194 2657 1280 2730; x_wconf 78' lang='lat' dir='ltr'>lectt</span> <span class='ocrx_word' id='word_1_165' title='bbox 1365 2723 1366 2726; x_wconf 74' lang='grc'>,</span> 
     </span>
    </p>
   </div>
   <div class='ocr_carea' id='block_1_7' title="bbox 279 3125 1365 3228">
    <p class='ocr_par' dir='ltr' id='par_1_8' title="bbox 279 3125 1365 3228">
     <span class='ocr_line' id='line_1_24' title="bbox 279 3125 1365 3228; baseline 0 -32"><span class='ocrx_word' id='word_1_166' title='bbox 279 3129 388 3226; x_wconf 81' lang='lat' dir='ltr'>graeci</span> <span class='ocrx_word' id='word_1_167' title='bbox 411 3129 558 3199; x_wconf 84' lang='lat' dir='ltr'>incocta</span> <span class='ocrx_word' id='word_1_168' title='bbox 584 3141 724 3215; x_wconf 88' lang='lat' dir='ltr'>essent,</span> <span class='ocrx_word' id='word_1_169' title='bbox 751 3143 884 3225; x_wconf 76' lang='lat' dir='ltr'>quarta</span> <span class='ocrx_word' id='word_1_170' title='bbox 910 3151 1060 3226; x_wconf 80' lang='lat' dir='ltr'>quaque</span> <span class='ocrx_word' id='word_1_171' title='bbox 1085 3125 1183 3197; x_wconf 80' lang='lat' dir='ltr'>hora</span> <span class='ocrx_word' id='word_1_172' title='bbox 1206 3149 1281 3196; x_wconf 88' lang='lat' dir='ltr'>mu·</span> <span class='ocrx_word' id='word_1_173' title='bbox 1364 3223 1365 3228; x_wconf 6' lang='grc' dir='ltr'><strong>Ἰ</strong></span> 
     </span>
    </p>
   </div>
   <div class='ocr_carea' id='block_1_8' title="bbox 276 3243 1365 3340">
    <p class='ocr_par' dir='ltr' id='par_1_9' title="bbox 276 3243 1365 3340">
     <span class='ocr_line' id='line_1_25' title="bbox 276 3243 1365 3340; baseline -0.004 -25"><span class='ocrx_word' id='word_1_174' title='bbox 276 3243 489 3340; x_wconf 80' lang='lat' dir='ltr'>tendis(sic</span> <span class='ocrx_word' id='word_1_175' title='bbox 510 3247 611 3318; x_wconf 86' lang='lat' dir='ltr'>enim</span> <span class='ocrx_word' id='word_1_176' title='bbox 631 3261 722 3316; x_wconf 89' lang='lat' dir='ltr'>tunc</span> <span class='ocrx_word' id='word_1_177' title='bbox 742 3246 918 3315; x_wconf 81' lang='lat' dir='ltr'>Bononiae</span> <span class='ocrx_word' id='word_1_178' title='bbox 936 3243 1129 3330; x_wconf 81' lang='lat' dir='ltr'>solebant,</span> <span class='ocrx_word' id='word_1_179' title='bbox 1150 3244 1279 3340; x_wconf 76' lang='lat' dir='ltr'>smpius</span> <span class='ocrx_word' id='word_1_180' title='bbox 1364 3263 1365 3276; x_wconf 60' lang='lat'>¹</span> 
     </span>
    </p>
   </div>
   <div class='ocr_carea' id='block_1_9' title="bbox 277 3360 1276 3584">
    <p class='ocr_par' dir='ltr' id='par_1_10' title="bbox 277 3360 1276 3584">
     <span class='ocr_line' id='line_1_26' title="bbox 277 3360 1276 3458; baseline -0.004 -26"><span class='ocrx_word' id='word_1_181' title='bbox 277 3375 403 3432; x_wconf 83' lang='lat' dir='ltr'>tamon</span> <span class='ocrx_word' id='word_1_182' title='bbox 418 3363 571 3433; x_wconf 83' lang='lat' dir='ltr'>mataxis</span> <span class='ocrx_word' id='word_1_183' title='bbox 582 3363 707 3432; x_wconf 84' lang='lat' dir='ltr'>lixivio</span> <span class='ocrx_word' id='word_1_184' title='bbox 723 3360 894 3448; x_wconf 87' lang='lat' dir='ltr'>imbutis;</span> <span class='ocrx_word' id='word_1_185' title='bbox 913 3361 973 3432; x_wconf 89' lang='lat' dir='ltr'>hic</span> <span class='ocrx_word' id='word_1_186' title='bbox 990 3361 1158 3458; x_wconf 81' lang='lat' dir='ltr'>spongiis</span> <span class='ocrx_word' id='word_1_187' title='bbox 1171 3375 1276 3430; x_wconf 89' lang='lat' dir='ltr'>utun·</span> 
     </span>
     <span class='ocr_line' id='line_1_27' title="bbox 279 3474 1274 3584; baseline 0.002 -38"><span class='ocrx_word' id='word_1_188' title='bbox 279 3491 342 3546; x_wconf 86' lang='lat' dir='ltr'>tur</span> <span class='ocrx_word' id='word_1_189' title='bbox 354 3479 393 3547; x_wconf 89' lang='lat' dir='ltr'>in</span> <span class='ocrx_word' id='word_1_190' title='bbox 412 3478 594 3550; x_wconf 79' lang='lat' dir='ltr'>calentem</span> <span class='ocrx_word' id='word_1_191' title='bbox 609 3501 801 3550; x_wconf 81' lang='lat' dir='ltr'>amurcam</span> <span class='ocrx_word' id='word_1_192' title='bbox 816 3477 1014 3584; x_wconf 69' lang='lat' dir='ltr'>demersis)</span> <span class='ocrx_word' id='word_1_193' title='bbox 1031 3493 1121 3549; x_wconf 84' lang='lat' dir='ltr'>tur-re</span> <span class='ocrx_word' id='word_1_194' title='bbox 1141 3474 1274 3550; x_wconf 77' lang='lat' dir='ltr'>intesti-</span> 
     </span>
    </p>
   </div>
   <div class='ocr_carea' id='block_1_10' title="bbox 314 3779 843 4060">
    <p class='ocr_par' dir='ltr' id='par_1_11' title="bbox 314 3779 843 4060">
     <span class='ocr_line' id='line_1_28' title="bbox 318 3779 573 3862; baseline -0.008 -24"><span class='ocrx_word' id='word_1_195' title='bbox 318 3781 360 3862; x_wconf 82' lang='grc' dir='ltr'>(ι)</span> <span class='ocrx_word' id='word_1_196' title='bbox 383 3782 460 3838; x_wconf 89' lang='lat' dir='ltr'>Ibid.</span> <span class='ocrx_word' id='word_1_197' title='bbox 479 3800 508 3836; x_wconf 92' lang='lat' dir='ltr'>n.</span> <span class='ocrx_word' id='word_1_198' title='bbox 527 3779 573 3837; x_wconf 82' lang='lat'>15.</span> 
     </span>
     <span class='ocr_line' id='line_1_29' title="bbox 319 3881 577 3958; baseline 0 -22"><span class='ocrx_word' id='word_1_199' title='bbox 319 3881 364 3958; x_wconf 80' lang='lat'>(2)</span> <span class='ocrx_word' id='word_1_200' title='bbox 384 3881 462 3937; x_wconf 84' lang='lat' dir='ltr'>Ibid.</span> <span class='ocrx_word' id='word_1_201' title='bbox 480 3900 510 3934; x_wconf 90' lang='lat' dir='ltr'>n.</span> <span class='ocrx_word' id='word_1_202' title='bbox 531 3881 577 3936; x_wconf 88' lang='lat'>18.</span> 
     </span>
     <span class='ocr_line' id='line_1_30' title="bbox 314 3979 843 4060; baseline -0.011 -20"><span class='ocrx_word' id='word_1_203' title='bbox 314 3983 358 4060; x_wconf 83' lang='lat'>(3)</span> <span class='ocrx_word' id='word_1_204' title='bbox 379 3983 448 4038; x_wconf 86' lang='lat' dir='ltr'>Due</span> <span class='ocrx_word' id='word_1_205' title='bbox 463 3981 549 4037; x_wconf 81' lang='lat' dir='ltr'>relaz.</span> <span class='ocrx_word' id='word_1_206' title='bbox 566 3979 695 4056; x_wconf 81' lang='lat' dir='ltr'>chirurg.</span> <span class='ocrx_word' id='word_1_207' title='bbox 714 3981 801 4036; x_wconf 78' lang='lat' dir='ltr'>rolez.</span> <span class='ocrx_word' id='word_1_208' title='bbox 815 3997 843 4034; x_wconf 79' lang='lat' dir='ltr'>n.</span> 
     </span>
    </p>
   </div>
   <div class='ocr_carea' id='block_1_11' title="bbox 0 0 1374 4670">
    <p class='ocr_par' dir='ltr' id='par_1_12' title="bbox 0 0 1374 4670">
     <span class='ocr_line' id='line_1_31' title="bbox 0 0 1374 4670; baseline 0 3"><span class='ocrx_word' id='word_1_209' title='bbox 0 0 1374 4670; x_wconf 95' lang='lat' dir='ltr'> </span> 
     </span>
    </p>
   </div>
  </div>
 </body>
</html>
