2726 4676
282 381 351 452 228
449 403 496 450 oa
522 397 666 450 srnraus
690 400 734 448 rr
759 399 882 448 cius1s
906 401 1116 450 nonnosum

279 516 417 616 quibus
431 530 538 588 antea
556 511 880 610 conquerebatur,
903 537 983 585 non
1002 493 1286 612 pronunciave-

278 659 377 720 ram,
396 631 540 704 calculo
559 633 682 728 ipsum
698 655 768 728 pro
784 645 886 701 certo
904 630 1099 718 laborare,
1118 634 1203 729 quia
1223 657 1286 702 ca-

278 749 462 822 theterem
475 747 577 819 unde
592 746 792 818 indubium
810 773 854 818 ex
877 749 1003 820 sonitu
1029 749 1178 845 siguum
1201 747 1285 820 for·

279 883 374 938 tasse
394 867 590 950 extitisset,
611 863 807 934 admittere
823 861 1020 953 noluerat,
1037 867 1088 936 sic
1101 891 1227 962 neque
1238 890 1286 936 ex

278 983 431 1053 illorum
450 979 738 1068 obscuratione,
757 1005 840 1078 quae
855 982 948 1054 lotio
969 981 1125 1054 fortasse
1140 982 1285 1054 ohirri·

279 1114 400 1170 tantes
416 1098 634 1196 particulas,
655 1096 743 1168 alibi
761 1112 851 1170 tunc
875 1099 1138 1187 subsistentes,
1155 1100 1284 1170 miuus

280 1217 357 1288 acri
377 1215 473 1287 facto
493 1215 837 1312 deberetur,·posse
852 1242 911 1288 me
934 1241 1008 1314 pro
1021 1231 1123 1289 certo
1143 1241 1284 1314 negare

280 1333 465 1406 calculum
478 1335 618 1420 inesse,
640 1346 686 1402 ne
698 1333 728 1404 si
743 1331 931 1406 cathetere
947 1333 1100 1430 quidem
1116 1333 1282 1406 admisso

280 1451 407 1522 nullus
419 1451 676 1548 perciperetur
692 1450 847 1522 sonitus.
862 1453 991 1548 Neque
1011 1451 1113 1520 enim
1131 1450 1282 1547 ignora-

279 1567 366 1640 bam
386 1567 550 1664 aliquos,
563 1591 623 1636 me
636 1565 826 1655 adstante,
844 1565 1080 1653 lithotomos,
1094 1565 1282 1638 imoChe·

283 1685 476 1758 seldenum
493 1684 616 1781 ipsum
631 1682 685 1779 (ι)
700 1683 759 1753 vel
774 1697 831 1754 ter
849 1683 1014 1756 immisso
1026 1683 1216 1756 cathetere
1228 1684 1282 1754 la·

280 1802 430 1900 pidem,
451 1801 517 1898 qui
529 1815 654 1876 tamen
671 1800 810 1887 inerat,
830 1801 1023 1897 percipere
1043 1825 1122 1872 non
1139 1801 1281 1898 potuis·

177 1903 179 1908 ἵ
280 1943 329 1990 se.
356 1923 401 1989 Et
426 1941 555 1988 revera
582 1915 676 1986 mihi
700 1917 889 1988 Patavium
916 1941 1101 2015 regresso,
1126 1919 1280 1990 nomine

280 2036 365 2131 aegri
380 2032 626 2130 significatum
639 2047 715 2122 est,
733 2057 820 2104 cum
835 2057 982 2106 reversa
997 2037 1125 2132 priora
1139 2037 1278 2108 incom-

280 2150 393 2220 moda
412 2147 508 2221 ferre
528 2149 687 2247 amplius
704 2151 898 2247 nequiret,
918 2151 988 2224 sibi
1003 2152 1186 2224 calculum
1201 2207 1211 2242 ‚
1226 2177 1280 2223 ca·

281 2269 425 2339 thetere
441 2283 678 2364 perceptum,
689 2265 845 2340 feliciter
861 2268 1107 2340 excidendum
1120 2294 1276 2342 curasse.

282 2391 375 2456 Sana:
397 2384 508 2454 etiam
538 2384 880 2482 experientissimus
908 2387 966 2456 vir
992 2387 1200 2460 Morandus
1224 2384 1278 2482 (a)

282 2502 355 2572 hoc
374 2503 512 2597 attigit,
531 2480 660 2572 vesicae
675 2525 695 2570 a
712 2499 856 2572 calculo
881 2501 1030 2574 dolores
1057 2505 1278 2602 interquies-

240 2686 250 2712 ,
283 2643 368 2690 cere
385 2618 511 2715 plures
532 2616 735 2714 aliquando
757 2641 922 2705 menses,
939 2621 1015 2690 imo
1031 2635 1067 2692 et
1081 2645 1225 2694 annos:
1245 2633 1278 2692 et

279 2737 359 2834 ipse
392 2736 430 2804 in
461 2734 757 2831 praecedentibus
789 2735 1023 2832 Sepulchreti
1054 2739 1278 2810 sectionibus

281 2853 400 2925 hahes
417 2879 462 2922 ex
479 2852 613 2949 T-ulpio
630 2851 685 2946 (3)
706 2866 741 2922 et
757 2854 869 2922 Nasio
886 2854 939 2947 (A)
958 2856 1125 2952 exempla
1137 2879 1277 2941 eorum,

282 2974 445 3067 quorum
466 2969 571 3050 alteri
596 2975 775 3064 integrum
802 2975 1108 3066 quinquennium,
1128 2973 1235 3044 alteri
1257 2995 1276 3040 a

273 3092 442 3186 pueritia
460 3085 507 3154 ad
529 3109 669 3154 annum
687 3090 809 3156 aetatu
827 3084 896 3174 35,
920 3103 983 3158 aut
999 3085 1074 3158 fere
1103 3089 1199 3160 nihil
1218 3103 1276 3161 aut

280 3203 376 3274 nihil
405 3216 598 3300 supererat
622 3225 666 3272 ex
694 3202 981 3292 molestissimis,
1009 3205 1148 3302 quibus
1172 3223 1274 3278 antea

281 3317 483 3425 eonflictati
511 3319 676 3406 fuerant,
696 3318 926 3391 calculorum
951 3323 1017 3418 qui
1035 3323 1205 3420 ingentes
1220 3324 1273 3392 in-

350 3637 449 3718 )Vid.
466 3641 603 3697 Morand.
617 3645 705 3698 Mem.
721 3644 879 3702 delNJAcad
893 3664 958 3722 roy.
978 3646 1028 3703 des
1041 3647 1090 3704 Sc
1108 3666 1156 3702 nn.
1172 3641 1254 3717 ’3740

349 3739 459 3815 )ΙΙ)ἱᾶ.

349 3837 359 3916 )
381 3839 656 3907 Sect.al1,obs8.

349 3935 359 4018 )
382 3941 458 3996 Sect.
474 3921 524 4010 23,
538 3938 652 4008 ohs.7,

281 3641 329 3720 (

316 3739 329 3817 l

297 3837 328 3918 (

318 3937 329 4018 (

334 3662 346 3697 1

331 3759 347 3794 a

331 3841 346 3896 3

331 3947 346 4006 l
