2726 4676
261 473 332 524 220
428 475 473 518 DE
500 473 645 518 sumnus
664 475 714 550 'ET
740 473 863 538 CNJSIS
890 473 1099 519 MORBORUM

262 601 321 658 rat
340 583 612 681 Alghisius(1)‚
631 584 734 680 quod
752 609 821 682 per
840 600 1041 655 anatomeu
1052 599 1185 683 postea
1199 608 1289 653 me-

264 704 335 774 lius
352 703 478 788 novit,
497 717 532 772 et
552 703 702 798 penitus
720 699 1033 802 confirmavitla).
1054 701 1179 772 Habes
1192 702 1290 798 qui-

267 819 354 890 dem
377 820 486 890 etiam
506 819 545 886 in
561 819 807 915 Sepulchreto
828 819 886 914 (3)
904 845 983 889 non
1005 845 1125 890 unum
1146 843 1289 890 exem-

266 937 373 1035 plum
397 934 581 1030 ejusmodi
606 935 924 1033 perforationum3
943 938 1082 1034 quibus
1107 939 1147 1006 in
1171 935 1292 1033 aegris

268 1055 299 1127 si
325 1068 461 1124 teretes
488 1053 674 1136 lumbrici
690 1069 754 1124 aut
780 1055 963 1125 ascarides
989 1081 1057 1152 per
1080 1054 1290 1126 urethram

268 1171 515 1271 prodiissent3
547 1171 641 1240 nihil
670 1167 799 1242 fuisset
830 1161 1077 1242 admiratione
1105 1170 1289 1269 dignum.

269 1288 342 1360 Sed
361 1313 445 1360 cum
466 1292 504 1359 in
522 1292 686 1360 sectione
701 1288 772 1360 hac
786 1293 887 1361 XXV
904 1287 958 1384 (d)
979 1290 1090 1387 legis,
1114 1303 1202 1386 post
1222 1287 1290 1357 bi-

270 1430 342 1478 nos
360 1409 513 1478 emictos
532 1396 865 1478 ascaridesmortui
880 1405 1046 1477 hominis
1064 1421 1289 1491 anatomen,

249 1575 257 1594 .
271 1527 312 1594 in
331 1526 486 1621 ejusque
505 1526 715 1596 exulcerata
732 1523 852 1594 vesica
866 1546 986 1594 unum
999 1523 1287 1620 deprehensum

273 1644 524 1714 vermiculum
544 1643 674 1740 quales
687 1647 723 1711 in
730 1641 895 1741 putridis
908 1644 1080 1712 carnibus
1098 1645 1292 1738 reperian-

275 1775 359 1848 tar‚·
378 1759 517 1832 haereas
532 1783 682 1830 necesse
703 1773 776 1847 est,
796 1758 972 1830 dubitans
990 1784 1080 1829 num
1103 1783 1148 1829 ex
1169 1783 1214 1830 eo
1240 1755 1292 1826 ul·

278 1880 586 1951 ceretcuniculus
615 1878 766 1974 aliquis,
797 1879 951 1948 minime
983 1877 1287 1961 animadversus,

238 1985 240 1990 ⁸
277 1997 325 2068 ad
342 2011 485 2068 rectum
508 1997 712 2092 pertineret
726 1997 963 2086 intestinum,
976 1995 1078 2066 unde
1102 1993 1290 2064 ascarides

277 2116 317 2186 in
338 2115 498 2184 vesicam
528 2113 776 2202 transiissent,
803 2137 851 2182 an
876 2117 1003 2210 potius
1023 2107 1211 2183 ascarides
1236 2108 1289 2178 illi

281 2212 358 2301 etsi¹
370 2235 448 2300 vivi
465 2227 637 2300 salientes
656 2236 693 2298 z'n
712 2236 792 2328 ipsa
804 2237 917 2328 penis
936 2230 1077 2326 glande
1104 2243 1290 2327 reptantes

281 2347 329 2417 ab
342 2371 440 2443 aegro
461 2348 604 2418 inventi
621 2346 790 2435 fuerant3
812 2364 1032 2418 nontamen
1051 2374 1095 2418 ex
1116 2346 1289 2431 urethra,

283 2465 348 2536 sed
366 2489 409 2534 ex
425 2489 498 2534 ano
514 2489 600 2534 cum
619 2482 941 2537 recrementorum
956 2483 1061 2564 parte
1073 2466 1197 2562 aliqua
1210 2487 1291 2563 pro-

283 2580 460 2670 diissent,
483 2584 612 2679 sieque
637 2584 682 2653 ad
707 2609 842 2680 penem
871 2585 1160 2681 prorepsissent.
1182 2577 1289 2674 Quod

284 2719 374 2770 vero
393 2699 439 2770 ad
457 2702 706 2772 vermiculum
723 2701 828 2774 illum
855 2704 988 2772 attinet
1010 2702 1122 2798 longe
1144 2701 1291 2771 alterius

284 2819 452 2914 genera,
474 2819 540 2915 qui
560 2833 603 2887 iu·
616 2821 744 2889 vesicae
766 2819 891 2889 ulcere
911 2821 1085 2890 inventus
1105 2833 1180 2906 est3
1197 2819 1226 2888 si
1238 2841 1291 2886 ve·

283 2959 349 3005 rus
367 2950 493 3006 tamen
513 2935 743 3006 vermiculus
759 2925 848 3024 fult,
870 2952 906 3007 et
927 2937 957 3006 si
969 2960 1081 3008 verus
1098 2932 1190 3024 fuit,
1219 2956 1292 3003 non

229 3091 231 3096 ,
285 3051 376 3120 illuc
390 3049 485 3123 forte
496 3074 584 3123 cum
599 3053 778 3148 spongiis*
788 3035 1116 3140 autaliterillat'us²
1126 3045 1292 3122 arbitrari

286 3171 446 3266 poteris,
466 3196 487 3240 a
505 3186 621 3240 matre
638 3195 765 3240 musca
777 3170 919 3241 editum
929 3195 1048 3268 prope
1060 3165 1224 3240 urethrae
1237 3193 1291 3239 ex·

288 3301 440 3357 ternum
458 3285 644 3358 orificium
665 3288 819 3384 putrido
841 3287 971 3359 ichore
996 3286 1202 3376 infectum,
1232 3305 1292 3383 per

214 3463 215 3468 ,
289 3403 364 3474 hoc
388 3405 428 3474 in
445 3407 606 3478 vesicam
636 3429 756 3502 usque
776 3422 940 3504 reptasse
962 3408 1104 3476 mortui
1124 3403 1289 3502 quidem,

301 3601 1286 3630 ...ῃ-ΜΗ

332 3725 375 3803 (1)
397 3729 468 3782 Loc.
482 3725 533 3780 cit.

334 3819 375 3902 (a)
398 3821 468 3879 Vid.
481 3823 619 3878 Bevevoli
632 3843 744 3896 osserv,
760 3825 788 3882 8.

337 3922 381 4002 (3)
402 3926 480 3980 Sect.
498 3940 545 3992 27,
562 3923 581 3976 1.
598 3924 632 3994 3,
648 3924 712 3979 obs.
734 3943 759 3979 1.

333 4019 376 4107 (4)
399 4025 434 4079 In
447 4020 590 4080 additam.
605 4023 670 4081 obs.
685 4041 732 4080 ao.
