2814 4674
253 459 273 501 r
410 451 456 500 ur
483 446 628 498 sturnus
652 451 697 498 er
722 449 848 498 causis
875 447 1089 504 monacnum

253 565 430 668 omnibus
446 565 600 636 demum
621 564 792 662 corporis
810 565 981 664 partibus
1004 571 1122 642 maele
1140 563 1259 646 omnia

252 712 304 759 no
321 685 543 769 extenuatis,
566 684 638 754 nisi
660 681 764 781 quod
780 683 858 780 jam
878 684 945 758 diu
965 688 1101 760 aduro
1126 689 1256 762 tubere
1328 729 1333 744 ·

254 806 446 878 sinistrum
460 817 626 874 scrotum
637 855 647 886 ,
657 801 1000 876 novissimisautem
1010 805 1143 878 diebus
1153 808 1258 905 quin⁴

252 921 374 994 decim
395 945 415 992 a
437 943 576 1017 magno
590 918 773 990 oedemate
797 917 913 1016 pedes
937 923 1150 1012 tumebant,
1170 948 1256 996 cum

253 1039 392 1116 horum
410 1039 604 1112 sinistrum
623 1035 828 1134 erysipelas
846 1019 1104 1137 corripuisset,
1120 1043 1259 1142 poetri·

255 1156 314 1228 die
336 1177 541 1255 generosus
558 1150 621 1225 hic
647 1155 796 1251 juvenis
817 1153 920 1226 obiit.
944 1155 1256 1258 Ventreaperto,

204 1353 208 1360 ,
252 1275 300 1348 ad
313 1275 426 1372 hujus
440 1289 611 1346 centrum
625 1274 759 1372 ingens
771 1274 930 1345 tumoris
938 1276 1058 1348 moles
1067 1277 1256 1376 apparuit,

252 1393 394 1470 viscera
422 1390 594 1490 undique
631 1391 887 1490 comprimens
917 1390 1035 1482 ade0,
1065 1408 1108 1466 ut
1129 1396 1257 1467 sinon

252 1535 411 1612 prorsus
424 1526 527 1586 extra
545 1534 650 1582 suam
666 1508 821 1616 sedem,¹
834 1523 873 1580 at
888 1524 989 1582 certe
1014 1527 1137 1584 essent
1164 1537 1258 1584 con·

252 1631 444 1718 tractiora,
464 1625 716 1727 pluribusque
745 1627 784 1697 in
815 1627 913 1698 locis
931 1627 1134 1717 sublivida,
1153 1643 1257 1700 caete·

253 1773 355 1844 rum,
373 1761 557 1846 quantum
571 1745 690 1818 oculis
706 1745 868 1842 perspici
878 1759 1041 1844 poterat,
1056 1771 1152 1820 saue.
1167 1751 1260 1821 Pene

253 1863 366 1937 debat
390 1875 522 1936 tumor
539 1887 561 1932 a
585 1860 835 1948 mesenterit),
856 1874 932 1932 tota
956 1863 1142 1934 anteriore
1165 1860 1256 1934 facie

253 1997 407 2054 omento
429 1995 584 2078 opertus
610 1985 827 2065 extenuem,
854 1979 1058 2076 multisque
1088 1978 1259 2076 partibus

251 2099 386 2172 lacero.
408 2100 494 2198 Quo
521 2108 691 2193 separato
723 2109 834 2192 atque
860 2108 1006 2173 amoto,
1034 2095 1166 2169 melius
1195 2097 1259 2168 ali-

252 2223 395 2314 quanto
413 2215 573 2286 tumoris
593 2211 713 2311 ligura
727 2213 764 2282 in
782 2227 1027 2311 conspectum
1039 2217 1153 2287 venit.
1170 2219 1255 2287 Haec

254 2331 447 2406 abnormis
463 2343 567 2403 erat:
585 2325 667 2402 duae
687 2345 811 2424 autem
831 2345 936 2428 parte
956 2333 1150 2430 superiore
1166 2357 1257 2436 pro-

254 2451 474 2523 tuberantiae
490 2439 780 2548 hypochon'dria
794 2465 923 2521 versus
940 2449 1085 2550 singula
1105 2449 1259 2549 singulae

255 2567 573 2655 extendebantur,
592 2577 636 2656 ‚ut
658 2565 773 2637 altera
793 2566 920 2662 jecur,
945 2565 1061 2640 altera
1087 2569 1255 2668 splenem

228 2776 230 2782 Ι
256 2703 334 2758 non
352 2684 467 2756 modo
484 2683 725 2782 obtegerent,
744 2679 809 2754 sed
830 2699 866 2756 et
885 2703 1032 2758 sursum
1054 2686 1256 2759 vehemen-

257 2821 313 2878 ter
333 2801 614 2901 compellerent.
638 2801 692 2872 N'e
723 2803 952 2875 ventriculus
981 2803 1134 2901 quidem
1155 2819 1258 2908 eitra

257 2945 407 2996 omnem
418 2922 652 3018 pressionem
665 2933 760 3005 erat,
776 2920 952 2993 nonnihil
964 2910 1086 3020 ipsum
1100 2934 1257 3020 urgente

256 3039 382 3112 medio
401 3039 561 3108 tumoris
580 3055 741 3133 corpore
758 3057 779 3106 a
801 3057 877 3136 quo
892 3038 975 3108 duae
991 3038 1061 3107 illae
1076 3033 1258 3136 protube-

152 3193 154 3200 1
257 3157 384 3230 rantiae
402 3152 665 3242 discedebant„
681 3154 835 3228 Pondus
862 3170 986 3227 autem
1015 3157 1181 3228 universi
1199 3163 1258 3226 tu·

258 3273 374 3346 moris
383 3295 464 3345 esse
476 3289 584 3367 posse
595 3263 792 3342 videbatur
801 3272 980 3345 libiarum
994 3273 1142 3346 circiter
1153 3274 1259 3370 quin·

258 3407 333 3490 que
353 3403 390 3462 et
408 3387 551 3484 viginti.
569 3386 641 3457 Setl
660 3402 696 3457 et
719 3387 800 3460 aliis
820 3391 858 3461 in
880 3389 1048 3488 partibus
1073 3407 1175 3462 extra
1197 3401 1257 3461 tu-

258 3502 586 3600 moremturgebat
599 3524 710 3578 omne
724 3509 989 3578 mesenterium
1005 3507 1134 3579 eadem
1150 3507 1257 3580 'subs-

259 3624 375 3697 tantia
394 3643 475 3723 quae
496 3635 682 3693 tumorem
712 3615 895 3694 efficiebat
906 3611 924 3711 ,'
934 3645 1103 3720 quocum
1130 3642 1259 3696 tumor

136 3769 146 3790 ¹
260 3739 783 3837 etiamalterconjungebatut
794 3739 959 3836 ejusdem
972 3757 1128 3831 naturae,
1142 3743 1258 3840 quiin

260 3857 431 3930 testiculo
451 3857 600 3931 sinistro
621 3873 709 3928 erat.
728 3855 876 3928 Scilicet
904 3860 1102 3956 utriusque
1122 3875 1259 3930 natura
1280 3873 1282 3884 ’

260 3972 330 4048 fuit
345 3999 428 4072 quae
439 3998 707 4047 cancrosorum
727 3989 936 4072 tumorum,
952 3991 989 4050 et
1003 3975 1257 4072 quorumdam
