2746 4674
125 419 190 468 tlt.
217 421 274 468 111.
302 419 349 466 DE
374 415 509 464 ttonms
534 415 704 481 vnnrnts,
730 418 841 466 rrtsr.
868 421 940 467 xm.
985 417 1052 496 177

63 535 193 606 Donati
206 532 394 632 praecipua
409 530 601 628 exempla,
622 529 785 620 dilatari;
802 557 924 630 neque
942 537 1055 606 Pastae

64 651 277 747 objectioni,
308 673 433 745 neque
451 648 531 719 aliis
556 646 606 718 ob
631 673 712 745 quae
737 664 824 719 sunt
846 653 1057 749 excogitati,

65 767 317 865 phaenomeuis
349 763 571 854 satisfacies,
603 779 640 836 et·
671 779 771 838 certe
795 766 835 836 in
861 769 985 864 primo
1012 794 1058 840 ex
1080 827 1082 831 .

67 884 304 956 Trincavellio
323 883 460 955 Donati
482 882 653 981 exemplo
671 881 904 981 adstringere
927 909 1060 956 eorum

70 1002 243 1074 ductuum
263 1000 392 1073 oscula
415 1000 590 1098 potiones
611 997 822 1088 debebant,
851 1025 965 1097 quas,
989 1007 1062 1072 nui

70 1118 196 1215 gelida
208 1121 298 1210 fere
322 1131 468 1204 essent,
496 1139 593 1214 aeger
615 1116 820 1214 recusabat.
849 1117 921 1188 Sed
950 1118 1061 1214 quid,

72 1236 206 1332 inquis,
229 1235 278 1306 ad
299 1234 547 1306 recentiorem
572 1231 872 1306 observationem
887 1233 941 1332 (ii
960 1234 1062 1308 dice·
1154 1295 1158 1304 ,

73 1376 167 1441 mus,
189 1377 326 1450 nempe
351 1352 506 1448 virginis
532 1350 631 1422 illius
651 1352 824 1439 asciticae,
842 1353 882 1421 in
901 1375 977 1449 qua
993 1379 1062 1425 ren

74 1475 207 1541 sinister
218 1495 327 1568 aeque
341 1494 387 1540 ac
406 1468 542 1540 dexter
543 1519 602 1539 .....
613 1484 711 1540 totas
726 1468 932 1540 skirrliosus
947 1486 985 1540 et
1006 1478 1063 1540 in-

75 1585 220 1658 duratas
239 1602 336 1674 erat,
354 1609 400 1665 ac
416 1591 470 1656 ita
482 1585 720 1672 coaluerant,
740 1600 781 1655 ut
793 1583 984 1684 necpelvis
999 1587 1064 1658 de-

78 1710 143 1799 tegi
150 1703 332 1804 potavit,
359 1729 446 1776 cum
463 1701 594 1776 eadem
611 1703 816 1774 novissimo
839 1705 949 1774 etiam
971 1720 1064 1776 tem·
1110 1787 1114 1798 „

79 1845 159 1918 pore
165 1825 385 1920 parcissime
402 1820 557 1918 quidem
576 1835 614 1890 et
627 1816 745 1892 instar
762 1843 875 1917 aqace
883 1823 1064 1912 fontanae

81 1937 277 2036 limpidam,
290 1963 389 2026 non,
405 1938 586 2026 utinitio,
601 1938 755 2009 rubram
768 1952 805 2008 et
817 1962 981 2009 crassam
989 1941 1067 2009 uri·

80 2049 155 2124 n'am
168 2054 404 2144 reddidisset,
421 2053 486 2128 sed
504 2070 630 2126 tamen
641 2053 891 2128 reddidisset?
907 2061 964 2126 An
977 2081 1069 2154 pau·

81 2171 196 2244 xillum
214 2171 253 2243 id
270 2173 441 2244 humoris
455 2196 500 2243 ex
517 2197 600 2244 sero
618 2170 722 2268 quod
736 2187 915 2244 ventrem
930 2173 1067 2246 disten·

82 2287 198 2380 debat,
214 2315 291 2389 per
314 2295 448 2362 vesiaae
465 2312 586 2387 poros
596 2291 714 2380 foras
740 2294 1067 2388 intro-spectantes

82 2407 283 2480 transiisse?
298 2432 346 2478 an
361 2407 544 2505 potiusex
562 2405 775 2478 alterutrius
785 2409 885 2479 renis
895 2423 932 2478 et
949 2409 1068 2506 pelvis

83 2524 247 2620 particula
261 2524 385 2620 aliqua
403 2523 589 2612 necdum,
603 2547 689 2594 cum
710 2538 902 2621 postremo
921 2527 1068 2615 minxit,

85 2643 215 2737 penitus
234 2641 409 2714 indurata
433 2655 470 2712 et
490 2642 710 2728 constricta,
730 2641 839 2712 sicuti
862 2659 947 2739 post
966 2667 1069 2713 mor·
1181 2685 1183 2690 ·

86 2771 145 2828 tem
160 2759 350 2858 apparuit,
371 2773 440 2856 per
458 2759 667 2855 angustias,
680 2772 722 2827 ut
737 2757 887 2829 insolita
905 2759 1069 2830 ostendit

87 2872 292 2972 limpitudo,
319 2874 565 2972 provenisse?
581 2888 680 2945 certe
698 2897 780 2943 non
795 2897 865 2970 per
881 2873 1015 2946 ductus
1029 2875 1069 2945 in

87 3007 233 3064 uretcres
253 2993 458 3064 vesicamve
471 2989 687 3079 influentes,
706 3005 837 3089 utpote
848 2992 915 3087 qui
928 3017 973 3062 ex
982 3015 1069 3064 ven-

89 3109 206 3181 triculo
226 3109 347 3180 multo
367 3108 452 3207 plus
465 3109 636 3180 humoris
652 3110 930 3206 importassent.

126 3225 155 3297 3.
165 3229 380 3323 Utcumque
390 3226 428 3297 id
441 3241 495 3296 est
504 3279 515 3314 ,
537 3251 617 3323 quae
631 3228 670 3295 in
688 3227 847 3296 mortuis
859 3227 968 3295 urina
983 3250 1070 3326 sup·

91 3343 344 3440 pressaresicae
362 3343 473 3413 etiam
488 3357 552 3414 aut
569 3341 731 3414 urethrae
745 3342 836 3421 vitio
856 3333 1024 3413 Valsalva
1035 3359 1072 3416 et

93 3459 380 3554 egoviderimus,
403 3458 465 3530 hic
492 3459 672 3557 accipies3
693 3483 764 3528 nec
787 3473 912 3530 tamen
932 3463 1070 3532 omnia.

93 3575 242 3650 Habuisti
275 3580 375 3646 enim
406 3578 576 3674 proxima
606 3575 761 3674 epistola
787 3575 877 3671 (2),
906 3577 1073 3674 itemque

124 3856 160 3934 (ι)
179 3861 343 3918 Commere.
356 3860 447 3918 litter.
460 3879 506 3918 au.
524 3860 613 3933 1743,
628 3857 717 3918 hebd.
734 3859 788 3933 25,
801 3879 831 3916 n.
847 3877 883 3931 a,
896 3861 935 3917 ad
948 3860 976 3916 3.

33 3973 35 3988 ³
127 3954 214 4033 <aa
238 3965 264 4039 a·

155 4052 183 4125 5.
864 4083 905 4126 12
