2726 4676
195 462 264 513 tm.
292 463 348 514 ιιι.
376 465 422 514 nn
449 464 583 514 nonnis
603 457 771 530 vaurms,
796 464 906 514 umsr.
935 445 1023 512 xtn.
1053 461 1136 538 277¹

116 588 225 650 tante
248 579 409 651 subinde
434 579 578 652 calculo
593 603 662 677 per
676 577 835 650 urethrae
855 569 1041 650 orificium
1063 601 1127 649 ex·
1159 609 1170 652 ι

116 695 275 791 pellere.
296 697 408 788 Quod
432 699 462 769 si
477 696 573 768 forte
591 697 702 795 paulo
717 711 802 769 ante
817 697 984 768 calculus
998 697 1125 768 nunus

118 809 290 901 obstitit,
317 814 526 911 majorique
551 812 636 885 ideo
666 814 784 884 urinae
805 812 913 910 copia
946 837 1014 910 per
1042 834 1130 882 ure-

117 927 250 1000 thram
272 932 412 1027 ejecta,
438 956 516 1001 non
535 931 653 1002 multa
668 931 745 1026 jam
767 945 881 1003 restat
903 932 942 1000 in
967 929 1130 1000 dilatatis
1190 1025 1194 1032 Ι

117 1047 356 1138 ureteribus3
374 1049 551 1146 intelligis
568 1063 688 1137 certe,
706 1049 737 1120 si
754 1073 842 1119 mox
856 1049 991 1124 iterum
1007 1071 1044 1119 se
1060 1044 1128 1116 cal·

116 1163 234 1236 culus
251 1164 297 1236 ad
313 1165 504 1238 urethram
525 1180 709 1264 opponat,
728 1166 898 1252 urinam,
911 1189 995 1236 cum
1010 1188 1128 1260 eaque

118 1305 217 1378 pus,
238 1283 268 1353 si
281 1279 375 1353 forte
392 1283 498 1370 insit,
518 1306 586 1381 per
614 1298 782 1354 ureteras
796 1281 970 1355 advrenes
988 1305 1128 1379 usque,

119 1397 289 1470 cubante
335 1401 565 1497 praesertim,
604 1399 694 1472 dum
745 1400 914 1497 mingere
950 1413 1128 1486 conatur,

120 1530 266 1612 aegroto
278 1570 288 1604 ,
298 1541 377 1588 uon
390 1515 542 1588 difficile
550 1517 787 1615 compulsum
803 1517 859 1586 iri.
944 1553 946 1561 ·

147 1687 150 1694 .
177 1636 235 1718 24.
269 1637 353 1702 Hac
378 1648 521 1721 autem,
547 1648 590 1705 ut
616 1632 739 1721 vides,
758 1630 927 1704 maribus
958 1656 1063 1728 aeque
1087 1653 1132 1702 ac

120 1747 274 1822 leminis
291 1753 506 1822 communia
523 1765 629 1839 sunt,
648 1765 883 1849 possuntque
903 1747 951 1820 ab
976 1749 1021 1820 iis
1038 1772 1131 1844 quo·

123 1891 203 1964 que
221 1865 408 1962 lapidibus
424 1865 575 1938 tandem
591 1868 796 1965 expectari,
813 1867 968 1965 quinon
987 1865 1131 1936 circum

125 2007 238 2054 acum
251 1984 694 2074 invesicaconcrescant,
722 1998 909 2084 utpraeter
922 2007 1131 2080 eamquam
1213 1977 1216 1983 ‘

125 2123 242 2198 supra
263 2103 315 2195 (1)
331 2100 614 2201 descripsimus,
630 2100 902 2176 adolescentuli
918 2099 1130 2189 historiam,

125 2233 185 2289 tot
211 2217 289 2288 aliae
308 2218 529 2306 ostendunt,
556 2245 717 2319 quarum
748 2221 911 2318 aliquot,
943 2233 985 2290 ut
1002 2217 1132 2316 Sepul-

125 2321 261 2407 chreto
278 2337 397 2434 possis
412 2335 593 2432 adjicere,
610 2338 672 2409 hic
685 2338 806 2437 placet
821 2343 1132 2410 commemorare.

126 2453 313 2524 Henricus
345 2454 497 2526 ilenrici
525 2456 564 2524 in
591 2453 850 2528 dissertatione
874 2453 921 2526 de
958 2453 1133 2527 abscessu

127 2571 345 2643 meseuterii
367 2569 422 2668 (a)
442 2570 488 2644 de
523 2572 765 2671 quinquenni
789 2572 915 2672 puella
944 2572 1130 2660 meminit,
1238 2563 1241 2570 λ

128 2687 241 2783 cujus
250 2691 438 2760 ureterex'
448 2703 704 2787 restagnante,
718 2688 769 2760 ob
782 2689 968 2762 calculum
988 2689 1133 2776 vesicae,

130 2805 253 2893 urina,
264 2809 475 2878 intestt'nmn
486 2807 753 2894 mentiebatur,·
769 2831 838 2878 ren
846 2820 969 2878 autem
982 2804 1134 2876 alterius

131 2921 433 3024 magnitudinem
453 2924 568 3022 triplo
594 2922 805 3021 superabat.
828 2927 953 2995 Exstat
971 2923 1010 2990 in
1033 2921 1134 2992 Actis

114 3038 367 3130 eruditorum
381 3039 958 3138 Lipsiensibusffi)Groeneveltii
969 3037 1136 3110 observa-

131 3157 188 3229 tio
200 3157 240 3226 in
253 3155 380 3255 puello
394 3157 599 3247 calculos0,
616 3159 723 3255 cujus
733 3172 901 3230 ureteres
916 3155 1137 3228 intestinum

133 3272 328 3371 quoddam
353 3271 467 3348 tenue
495 3277 698 3374 capacitate
726 3273 950 3348 referebant.
974 3271 1136 3347 Eosdem

131 3392 173 3461 in
188 3415 276 3462 sene
297 3392 468 3471 avesicae.
484 3393 630 3466 calculo
650 3394 781 3492 saepius
806 3392 1016 3490 stranguria
1045 3413 1136 3464 con·

179 3885 223 3964 (²)
245 3891 261 3960 5
283 3887 311 3945 5.
477 3963 480 3970 .

177 4003 221 4082 β)
241 4003 461 4083 an.1685,m.
480 4017 566 4066 mart.
