<?xml version="1.0" encoding="UTF-8"?>
<!DOCTYPE html PUBLIC "-//W3C//DTD XHTML 1.0 Transitional//EN"
    "http://www.w3.org/TR/xhtml1/DTD/xhtml1-transitional.dtd">
<html xmlns="http://www.w3.org/1999/xhtml" xml:lang="en" lang="en">
 <head>
  <title>
</title>
<meta http-equiv="Content-Type" content="text/html;charset=utf-8" />
  <meta name='ocr-system' content='tesseract 3.04.00' />
  <meta name='ocr-capabilities' content='ocr_page ocr_carea ocr_par ocr_line ocrx_word'/>
</head>
<body>
  <div class='ocr_page' id='page_1' title='image "./desedibusetcaus05adelgoog_0507.png"; bbox 0 0 2790 4668; ppageno 0'>
   <div class='ocr_carea' id='block_1_1' title="bbox 310 411 1141 484">
    <p class='ocr_par' dir='ltr' id='par_1_1' title="bbox 310 411 1141 484">
     <span class='ocr_line' id='line_1_1' title="bbox 310 411 1141 484; baseline 0 0"><span class='ocrx_word' id='word_1_1' title='bbox 310 411 381 484; x_wconf 83' lang='lat'><strong>506</strong></span> <span class='ocrx_word' id='word_1_2' title='bbox 465 437 510 482; x_wconf 85' lang='grc' dir='ltr'><strong>ιιι</strong></span> <span class='ocrx_word' id='word_1_3' title='bbox 536 435 683 482; x_wconf 72' lang='lat' dir='ltr'><strong>scurrus</strong></span> <span class='ocrx_word' id='word_1_4' title='bbox 708 431 753 480; x_wconf 82' lang='grc' dir='ltr'><strong>ιι</strong></span> <span class='ocrx_word' id='word_1_5' title='bbox 779 431 905 482; x_wconf 74' lang='lat' dir='ltr'><strong>causis</strong></span> <span class='ocrx_word' id='word_1_6' title='bbox 932 430 1141 484; x_wconf 81' lang='grc' dir='ltr'><strong>ιιοιιοιιιιι</strong></span> 
     </span>
    </p>
   </div>
   <div class='ocr_carea' id='block_1_2' title="bbox 308 545 1325 994">
    <p class='ocr_par' dir='ltr' id='par_1_2' title="bbox 308 545 1325 994">
     <span class='ocr_line' id='line_1_2' title="bbox 308 545 1322 648; baseline 0 -26"><span class='ocrx_word' id='word_1_7' title='bbox 308 549 384 622; x_wconf 81' lang='lat' dir='ltr'><strong>tius</strong></span> <span class='ocrx_word' id='word_1_8' title='bbox 400 548 464 646; x_wconf 86' lang='grc' dir='ltr'><strong>(ι).</strong></span> <span class='ocrx_word' id='word_1_9' title='bbox 487 547 671 621; x_wconf 77' lang='lat' dir='ltr'><strong>Caeterum</strong></span> <span class='ocrx_word' id='word_1_10' title='bbox 692 547 724 618; x_wconf 91' lang='lat' dir='ltr'><strong>is</strong></span> <span class='ocrx_word' id='word_1_11' title='bbox 746 568 884 620; x_wconf 82' lang='lat' dir='ltr'><strong>nerum</strong></span> <span class='ocrx_word' id='word_1_12' title='bbox 904 549 1045 646; x_wconf 82' lang='lat' dir='ltr'><strong>vaginae</strong></span> <span class='ocrx_word' id='word_1_13' title='bbox 1065 545 1185 622; x_wconf 69' lang='lat' dir='ltr'><strong>multo</strong></span> <span class='ocrx_word' id='word_1_14' title='bbox 1200 562 1322 648; x_wconf 82' lang='lat' dir='ltr'><strong>quam</strong></span> 
     </span>
     <span class='ocr_line' id='line_1_3' title="bbox 311 662 1324 766; baseline -0.001 -27"><span class='ocrx_word' id='word_1_15' title='bbox 311 668 380 756; x_wconf 78' lang='lat' dir='ltr'><strong>sit,</strong></span> <span class='ocrx_word' id='word_1_16' title='bbox 399 667 621 766; x_wconf 86' lang='lat' dir='ltr'><strong>ampliorem</strong></span> <span class='ocrx_word' id='word_1_17' title='bbox 651 662 830 754; x_wconf 76' lang='lat' dir='ltr'><strong>faciebat,</strong></span> <span class='ocrx_word' id='word_1_18' title='bbox 855 685 942 738; x_wconf 88' lang='lat' dir='ltr'><strong>cum</strong></span> <span class='ocrx_word' id='word_1_19' title='bbox 969 667 1172 738; x_wconf 85' lang='lat' dir='ltr'><strong>secundum</strong></span> <span class='ocrx_word' id='word_1_20' title='bbox 1197 681 1324 738; x_wconf 84' lang='lat' dir='ltr'><strong>totam</strong></span> 
     </span>
     <span class='ocr_line' id='line_1_4' title="bbox 312 783 1325 880; baseline -0.002 -24"><span class='ocrx_word' id='word_1_21' title='bbox 312 797 421 856; x_wconf 77' lang='lat' dir='ltr'><strong>suam</strong></span> <span class='ocrx_word' id='word_1_22' title='bbox 439 783 708 880; x_wconf 75' lang='lat' dir='ltr'><strong>longitudinem</strong></span> <span class='ocrx_word' id='word_1_23' title='bbox 736 784 946 879; x_wconf 79' lang='lat' dir='ltr'><strong>subjacenti</strong></span> <span class='ocrx_word' id='word_1_24' title='bbox 967 789 1138 856; x_wconf 85' lang='lat' dir='ltr'><strong>intestino</strong></span> <span class='ocrx_word' id='word_1_25' title='bbox 1158 803 1325 856; x_wconf 81' lang='lat' dir='ltr'><strong>accuru-</strong></span> 
     </span>
     <span class='ocr_line' id='line_1_5' title="bbox 314 897 981 994; baseline 0 -22"><span class='ocrx_word' id='word_1_26' title='bbox 314 907 450 972; x_wconf 76' lang='lat' dir='ltr'><em>tissime</em></span> <span class='ocrx_word' id='word_1_27' title='bbox 467 897 642 988; x_wconf 78' lang='lat' dir='ltr'><strong>adnasci,</strong></span> <span class='ocrx_word' id='word_1_28' title='bbox 660 898 895 972; x_wconf 83' lang='lat' dir='ltr'><strong>existimabat</strong></span> <span class='ocrx_word' id='word_1_29' title='bbox 915 901 928 994; x_wconf 87' lang='lat'>(</span> <span class='ocrx_word' id='word_1_30' title='bbox 955 900 981 993; x_wconf 86' lang='lat'><strong>).</strong></span> 
     </span>
    </p>
   </div>
   <div class='ocr_carea' id='block_1_3' title="bbox 312 1037 1391 3025">
    <p class='ocr_par' dir='ltr' id='par_1_3' title="bbox 312 1037 1391 3051">
     <span class='ocr_line' id='line_1_6' title="bbox 367 1037 1324 1138; baseline 0.002 -28"><span class='ocrx_word' id='word_1_31' title='bbox 367 1045 421 1128; x_wconf 72' lang='lat' dir='ltr'><strong>sl.</strong></span> <span class='ocrx_word' id='word_1_32' title='bbox 448 1037 557 1111; x_wconf 88' lang='lat' dir='ltr'><strong>Haud</strong></span> <span class='ocrx_word' id='word_1_33' title='bbox 587 1037 761 1136; x_wconf 83' lang='lat' dir='ltr'><strong>equidem</strong></span> <span class='ocrx_word' id='word_1_34' title='bbox 796 1037 1012 1128; x_wconf 89' lang='lat' dir='ltr'><strong>dissimulo,</strong></span> <span class='ocrx_word' id='word_1_35' title='bbox 1034 1055 1116 1136; x_wconf 84' lang='lat' dir='ltr'><strong>quae</strong></span> <span class='ocrx_word' id='word_1_36' title='bbox 1141 1039 1232 1112; x_wconf 86' lang='lat' dir='ltr'><strong>alias</strong></span> <span class='ocrx_word' id='word_1_37' title='bbox 1265 1037 1324 1138; x_wconf 85' lang='lat'><strong>(3)</strong></span> 
     </span>
     <span class='ocr_line' id='line_1_7' title="bbox 314 1155 1326 1256; baseline 0 -25"><span class='ocrx_word' id='word_1_38' title='bbox 314 1171 440 1231; x_wconf 82' lang='lat' dir='ltr'><strong>sunta</strong></span> <span class='ocrx_word' id='word_1_39' title='bbox 460 1179 520 1228; x_wconf 84' lang='lat' dir='ltr'><strong>mc</strong></span> <span class='ocrx_word' id='word_1_40' title='bbox 544 1155 797 1229; x_wconf 79' lang='lat' dir='ltr'><strong>dubitationes</strong></span> <span class='ocrx_word' id='word_1_41' title='bbox 817 1155 1037 1255; x_wconf 72' lang='lat' dir='ltr'><strong>proposita,</strong></span> <span class='ocrx_word' id='word_1_42' title='bbox 1063 1182 1143 1228; x_wconf 91' lang='lat' dir='ltr'><strong>non</strong></span> <span class='ocrx_word' id='word_1_43' title='bbox 1169 1159 1326 1256; x_wconf 89' lang='lat' dir='ltr'><strong>penitus</strong></span> 
     </span>
     <span class='ocr_line' id='line_1_8' title="bbox 313 1273 1326 1374; baseline 0 -28"><span class='ocrx_word' id='word_1_44' title='bbox 313 1273 407 1348; x_wconf 87' lang='lat' dir='ltr'><strong>mihi</strong></span> <span class='ocrx_word' id='word_1_45' title='bbox 423 1295 532 1372; x_wconf 87' lang='lat' dir='ltr'><strong>posse</strong></span> <span class='ocrx_word' id='word_1_46' title='bbox 549 1273 661 1346; x_wconf 84' lang='lat' dir='ltr'><strong>eximi</strong></span> <span class='ocrx_word' id='word_1_47' title='bbox 672 1279 686 1361; x_wconf 90' lang='lat'><strong>,&#39;</strong></span> <span class='ocrx_word' id='word_1_48' title='bbox 707 1273 780 1346; x_wconf 87' lang='lat' dir='ltr'><strong>nisi</strong></span> <span class='ocrx_word' id='word_1_49' title='bbox 808 1276 948 1374; x_wconf 84' lang='lat' dir='ltr'><strong>praevio</strong></span> <span class='ocrx_word' id='word_1_50' title='bbox 970 1275 1140 1348; x_wconf 80' lang='lat' dir='ltr'><strong>examine</strong></span> <span class='ocrx_word' id='word_1_51' title='bbox 1168 1296 1326 1346; x_wconf 85' lang='lat' dir='ltr'><strong>accura-</strong></span> 
     </span>
     <span class='ocr_line' id='line_1_9' title="bbox 312 1389 1324 1490; baseline -0.001 -25"><span class='ocrx_word' id='word_1_52' title='bbox 312 1393 410 1465; x_wconf 88' lang='lat' dir='ltr'><strong>tiore</strong></span> <span class='ocrx_word' id='word_1_53' title='bbox 423 1392 647 1464; x_wconf 85' lang='lat' dir='ltr'><strong>cadaverum</strong></span> <span class='ocrx_word' id='word_1_54' title='bbox 667 1389 726 1464; x_wconf 89' lang='lat' dir='ltr'><strong>his</strong></span> <span class='ocrx_word' id='word_1_55' title='bbox 743 1392 890 1466; x_wconf 88' lang='lat' dir='ltr'><strong>morbis</strong></span> <span class='ocrx_word' id='word_1_56' title='bbox 914 1389 1191 1481; x_wconf 83' lang='lat' dir='ltr'><strong>laborantium,</strong></span> <span class='ocrx_word' id='word_1_57' title='bbox 1211 1395 1324 1490; x_wconf 80' lang='lat' dir='ltr'><strong>cujus</strong></span> 
     </span>
     <span class='ocr_line' id='line_1_10' title="bbox 312 1507 1391 1620; baseline 0.002 -40"><span class='ocrx_word' id='word_1_58' title='bbox 312 1509 535 1584; x_wconf 86' lang='lat' dir='ltr'><strong>instituendi</strong></span> <span class='ocrx_word' id='word_1_59' title='bbox 552 1507 708 1582; x_wconf 80' lang='lat' dir='ltr'><strong>facultas</strong></span> <span class='ocrx_word' id='word_1_60' title='bbox 733 1507 829 1582; x_wconf 87' lang='lat' dir='ltr'><strong>mihi</strong></span> <span class='ocrx_word' id='word_1_61' title='bbox 853 1533 874 1582; x_wconf 86' lang='lat' dir='ltr'><strong>a</strong></span> <span class='ocrx_word' id='word_1_62' title='bbox 902 1511 1019 1608; x_wconf 84' lang='lat' dir='ltr'><strong>longo</strong></span> <span class='ocrx_word' id='word_1_63' title='bbox 1043 1509 1121 1606; x_wconf 87' lang='lat' dir='ltr'><strong>jam</strong></span> <span class='ocrx_word' id='word_1_64' title='bbox 1147 1521 1324 1608; x_wconf 85' lang='lat' dir='ltr'><strong>tempore</strong></span> <span class='ocrx_word' id='word_1_65' title='bbox 1389 1577 1391 1620; x_wconf 48' lang='lat'>4</span> 
     </span>
     <span class='ocr_line' id='line_1_11' title="bbox 313 1625 1324 1726; baseline -0.004 -24"><span class='ocrx_word' id='word_1_66' title='bbox 313 1650 393 1702; x_wconf 89' lang='lat' dir='ltr'><strong>non</strong></span> <span class='ocrx_word' id='word_1_67' title='bbox 418 1643 474 1700; x_wconf 89' lang='lat' dir='ltr'><strong>est</strong></span> <span class='ocrx_word' id='word_1_68' title='bbox 498 1627 593 1706; x_wconf 83' lang='lat' dir='ltr'><strong>data.</strong></span> <span class='ocrx_word' id='word_1_69' title='bbox 622 1629 726 1700; x_wconf 87' lang='lat' dir='ltr'><strong>Inter</strong></span> <span class='ocrx_word' id='word_1_70' title='bbox 748 1646 814 1700; x_wconf 88' lang='lat' dir='ltr'><strong>eos</strong></span> <span class='ocrx_word' id='word_1_71' title='bbox 844 1641 944 1700; x_wconf 87' lang='lat' dir='ltr'><strong>certe</strong></span> <span class='ocrx_word' id='word_1_72' title='bbox 975 1625 1324 1726; x_wconf 84' lang='lat' dir='ltr'><strong>frequentissimum</strong></span> 
     </span>
     <span class='ocr_line' id='line_1_12' title="bbox 315 1745 1391 1847; baseline -0.002 -25"><span class='ocrx_word' id='word_1_73' title='bbox 315 1757 395 1822; x_wconf 74' lang='lat' dir='ltr'><strong>csse</strong></span> <span class='ocrx_word' id='word_1_74' title='bbox 414 1745 533 1820; x_wconf 87' lang='lat' dir='ltr'><strong>fateor</strong></span> <span class='ocrx_word' id='word_1_75' title='bbox 550 1749 691 1846; x_wconf 76' lang='lat' dir='ltr'><strong>vaginae</strong></span> <span class='ocrx_word' id='word_1_76' title='bbox 717 1748 955 1847; x_wconf 86' lang='lat' dir='ltr'><strong>prolapsum,</strong></span> <span class='ocrx_word' id='word_1_77' title='bbox 981 1756 1019 1820; x_wconf 79' lang='lat' dir='ltr'><strong>&#39;et</strong></span> <span class='ocrx_word' id='word_1_78' title='bbox 1041 1745 1146 1819; x_wconf 91' lang='lat' dir='ltr'><strong>hunc</strong></span> <span class='ocrx_word' id='word_1_79' title='bbox 1174 1747 1324 1836; x_wconf 85' lang='lat' dir='ltr'><strong>multis,</strong></span> <span class='ocrx_word' id='word_1_80' title='bbox 1389 1795 1391 1806; x_wconf 41' lang='grc' dir='ltr'><strong>ι</strong></span> 
     </span>
     <span class='ocr_line' id='line_1_13' title="bbox 316 1863 1324 1965; baseline -0.001 -28"><span class='ocrx_word' id='word_1_81' title='bbox 316 1887 388 1965; x_wconf 92' lang='lat' dir='ltr'><strong>pro</strong></span> <span class='ocrx_word' id='word_1_82' title='bbox 424 1865 522 1936; x_wconf 88' lang='lat' dir='ltr'><strong>uteri</strong></span> <span class='ocrx_word' id='word_1_83' title='bbox 567 1865 746 1964; x_wconf 85' lang='lat' dir='ltr'><strong>prolapsu</strong></span> <span class='ocrx_word' id='word_1_84' title='bbox 782 1865 1014 1964; x_wconf 87' lang='lat' dir='ltr'><strong>imposuisse.</strong></span> <span class='ocrx_word' id='word_1_85' title='bbox 1054 1863 1199 1937; x_wconf 85' lang='lat' dir='ltr'><strong>Verum</strong></span> <span class='ocrx_word' id='word_1_86' title='bbox 1230 1867 1324 1936; x_wconf 86' lang='lat' dir='ltr'><strong>inte-</strong></span> 
     </span>
     <span class='ocr_line' id='line_1_14' title="bbox 314 1981 1391 2086; baseline -0.002 -30"><span class='ocrx_word' id='word_1_87' title='bbox 314 1983 396 2056; x_wconf 85' lang='lat' dir='ltr'><strong>rior</strong></span> <span class='ocrx_word' id='word_1_88' title='bbox 420 2007 468 2056; x_wconf 87' lang='lat' dir='ltr'><strong>ue</strong></span> <span class='ocrx_word' id='word_1_89' title='bbox 496 1999 644 2056; x_wconf 87' lang='lat' dir='ltr'><strong>tantum</strong></span> <span class='ocrx_word' id='word_1_90' title='bbox 676 1983 817 2082; x_wconf 76' lang='lat' dir='ltr'><strong>vaginae</strong></span> <span class='ocrx_word' id='word_1_91' title='bbox 843 1981 1087 2070; x_wconf 79' lang='lat' dir='ltr'><strong>membrana,</strong></span> <span class='ocrx_word' id='word_1_92' title='bbox 1114 1983 1322 2054; x_wconf 87' lang='lat' dir='ltr'><strong>humorum</strong></span> <span class='ocrx_word' id='word_1_93' title='bbox 1390 2077 1391 2086; x_wconf 8' lang='grc' dir='ltr'>ἵ</span> 
     </span>
     <span class='ocr_line' id='line_1_15' title="bbox 317 2091 1391 2199; baseline -0.001 -26"><span class='ocrx_word' id='word_1_94' title='bbox 317 2097 625 2189; x_wconf 65' lang='lat' dir='ltr'><strong>immutante,</strong></span> <span class='ocrx_word' id='word_1_95' title='bbox 663 2091 893 2184; x_wconf 78' lang='lat' dir='ltr'><strong>et&#39;extensa,</strong></span> <span class='ocrx_word' id='word_1_96' title='bbox 919 2099 1112 2199; x_wconf 83' lang='lat' dir='ltr'><strong>procidit?</strong></span> <span class='ocrx_word' id='word_1_97' title='bbox 1144 2119 1194 2172; x_wconf 85' lang='lat' dir='ltr'><strong>an</strong></span> <span class='ocrx_word' id='word_1_98' title='bbox 1226 2110 1323 2173; x_wconf 84' lang='lat' dir='ltr'><strong>utra·</strong></span> <span class='ocrx_word' id='word_1_99' title='bbox 1390 2141 1391 2160; x_wconf 40' lang='lat' dir='ltr'><strong>r</strong></span> 
     </span>
     <span class='ocr_line' id='line_1_16' title="bbox 317 2209 1321 2316; baseline 0.002 -28"><span class='ocrx_word' id='word_1_100' title='bbox 317 2217 418 2316; x_wconf 87' lang='lat' dir='ltr'><strong>que?</strong></span> <span class='ocrx_word' id='word_1_101' title='bbox 447 2215 546 2289; x_wconf 89' lang='lat' dir='ltr'><strong>Illud</strong></span> <span class='ocrx_word' id='word_1_102' title='bbox 582 2239 661 2290; x_wconf 90' lang='lat' dir='ltr'><strong>non</strong></span> <span class='ocrx_word' id='word_1_103' title='bbox 688 2217 804 2290; x_wconf 89' lang='lat' dir='ltr'><strong>modo</strong></span> <span class='ocrx_word' id='word_1_104' title='bbox 832 2219 986 2316; x_wconf 89' lang='lat' dir='ltr'><strong>plures,</strong></span> <span class='ocrx_word' id='word_1_105' title='bbox 1010 2219 1050 2289; x_wconf 91' lang='lat' dir='ltr'><strong>in</strong></span> <span class='ocrx_word' id='word_1_106' title='bbox 1076 2209 1220 2316; x_wconf 90' lang='lat' dir='ltr'><strong>quibus</strong></span> <span class='ocrx_word' id='word_1_107' title='bbox 1240 2223 1321 2290; x_wconf 85' lang='lat' dir='ltr'><strong>We-</strong></span> 
     </span>
     <span class='ocr_line' id='line_1_17' title="bbox 317 2329 1390 2434; baseline -0.001 -26"><span class='ocrx_word' id='word_1_108' title='bbox 317 2335 439 2408; x_wconf 88' lang='lat' dir='ltr'><strong>delius</strong></span> <span class='ocrx_word' id='word_1_109' title='bbox 476 2335 568 2433; x_wconf 76' lang='lat' dir='ltr'><strong>(l),</strong></span> <span class='ocrx_word' id='word_1_110' title='bbox 595 2329 598 2336; x_wconf 76' lang='grc'>’</span> <span class='ocrx_word' id='word_1_111' title='bbox 598 2335 839 2434; x_wconf 81' lang='lat' dir='ltr'><strong>frequentius</strong></span> <span class='ocrx_word' id='word_1_112' title='bbox 863 2338 961 2433; x_wconf 81' lang='lat' dir='ltr'><strong>fieri</strong></span> <span class='ocrx_word' id='word_1_113' title='bbox 986 2334 1147 2424; x_wconf 89' lang='lat' dir='ltr'><strong>doeent;</strong></span> <span class='ocrx_word' id='word_1_114' title='bbox 1184 2337 1252 2409; x_wconf 86' lang='lat' dir='ltr'><strong>sed</strong></span> <span class='ocrx_word' id='word_1_115' title='bbox 1289 2351 1319 2408; x_wconf 90' lang='lat' dir='ltr'><strong>et</strong></span> <span class='ocrx_word' id='word_1_116' title='bbox 1389 2371 1390 2390; x_wconf 34' lang='grc' dir='ltr'><strong>ι</strong></span> 
     </span>
     <span class='ocr_line' id='line_1_18' title="bbox 317 2445 1317 2552; baseline 0 -28"><span class='ocrx_word' id='word_1_117' title='bbox 317 2461 464 2541; x_wconf 84' lang='lat' dir='ltr'><strong>omnes,</strong></span> <span class='ocrx_word' id='word_1_118' title='bbox 493 2453 598 2552; x_wconf 90' lang='lat' dir='ltr'><strong>quod</strong></span> <span class='ocrx_word' id='word_1_119' title='bbox 627 2453 877 2526; x_wconf 86' lang='lat' dir='ltr'><strong>Widmannus</strong></span> <span class='ocrx_word' id='word_1_120' title='bbox 899 2445 953 2552; x_wconf 72' lang='lat' dir='ltr'><strong>(b)</strong></span> <span class='ocrx_word' id='word_1_121' title='bbox 979 2455 1049 2541; x_wconf 88' lang='lat' dir='ltr'><strong>ait,</strong></span> <span class='ocrx_word' id='word_1_122' title='bbox 1077 2462 1317 2528; x_wconf 83' lang='lat' dir='ltr'><strong>consentiunt.</strong></span> 
     </span>
     <span class='ocr_line' id='line_1_19' title="bbox 317 2569 1318 2670; baseline -0.001 -26"><span class='ocrx_word' id='word_1_123' title='bbox 317 2571 365 2644; x_wconf 85' lang='lat' dir='ltr'><strong>Et</strong></span> <span class='ocrx_word' id='word_1_124' title='bbox 387 2592 476 2644; x_wconf 87' lang='lat' dir='ltr'><strong>sane</strong></span> <span class='ocrx_word' id='word_1_125' title='bbox 503 2573 570 2644; x_wconf 89' lang='lat' dir='ltr'><strong>ubi</strong></span> <span class='ocrx_word' id='word_1_126' title='bbox 590 2590 670 2643; x_wconf 86' lang='lat' dir='ltr'><strong>rem</strong></span> <span class='ocrx_word' id='word_1_127' title='bbox 690 2573 742 2644; x_wconf 90' lang='lat' dir='ltr'><strong>sic</strong></span> <span class='ocrx_word' id='word_1_128' title='bbox 763 2595 905 2670; x_wconf 89' lang='lat' dir='ltr'><strong>ponas;</strong></span> <span class='ocrx_word' id='word_1_129' title='bbox 933 2570 1105 2670; x_wconf 80' lang='lat' dir='ltr'><strong>quaedam</strong></span> <span class='ocrx_word' id='word_1_130' title='bbox 1130 2599 1177 2646; x_wconf 84' lang='lat' dir='ltr'><strong>ex</strong></span> <span class='ocrx_word' id='word_1_131' title='bbox 1197 2569 1318 2645; x_wconf 82' lang='lat' dir='ltr'><strong>diffici-</strong></span> 
     </span>
     <span class='ocr_line' id='line_1_20' title="bbox 316 2673 1318 2789; baseline 0.002 -29"><span class='ocrx_word' id='word_1_132' title='bbox 316 2688 416 2762; x_wconf 81' lang='lat' dir='ltr'><strong>libus</strong></span> <span class='ocrx_word' id='word_1_133' title='bbox 432 2687 554 2762; x_wconf 83' lang='lat' dir='ltr'><strong>facilia</strong></span> <span class='ocrx_word' id='word_1_134' title='bbox 568 2673 764 2762; x_wconf 86' lang='lat' dir='ltr'><strong>intellectu</strong></span> <span class='ocrx_word' id='word_1_135' title='bbox 782 2681 892 2778; x_wconf 86' lang='lat' dir='ltr'><strong>facis,</strong></span> <span class='ocrx_word' id='word_1_136' title='bbox 914 2706 1077 2787; x_wconf 86' lang='lat' dir='ltr'><strong>quorum</strong></span> <span class='ocrx_word' id='word_1_137' title='bbox 1095 2689 1255 2789; x_wconf 89' lang='lat' dir='ltr'><strong>aliquod</strong></span> <span class='ocrx_word' id='word_1_138' title='bbox 1268 2717 1318 2766; x_wconf 88' lang='lat' dir='ltr'><strong>su·</strong></span> 
     </span>
     <span class='ocr_line' id='line_1_21' title="bbox 317 2803 1313 2907; baseline -0.001 -30"><span class='ocrx_word' id='word_1_139' title='bbox 317 2819 385 2903; x_wconf 80' lang='lat' dir='ltr'><strong>pra</strong></span> <span class='ocrx_word' id='word_1_140' title='bbox 401 2807 460 2904; x_wconf 83' lang='lat'><strong>(6)</strong></span> <span class='ocrx_word' id='word_1_141' title='bbox 480 2809 691 2907; x_wconf 84' lang='lat' dir='ltr'><strong>attigimus,</strong></span> <span class='ocrx_word' id='word_1_142' title='bbox 720 2803 823 2878; x_wconf 86' lang='lat' dir='ltr'><strong>aliud</strong></span> <span class='ocrx_word' id='word_1_143' title='bbox 845 2806 1035 2880; x_wconf 84' lang='lat' dir='ltr'><strong>Wedelins</strong></span> <span class='ocrx_word' id='word_1_144' title='bbox 1051 2803 1106 2904; x_wconf 82' lang='grc'><strong>(7)</strong></span> <span class='ocrx_word' id='word_1_145' title='bbox 1135 2803 1313 2882; x_wconf 84' lang='lat' dir='ltr'><strong>indicavit.</strong></span> 
     </span>
     <span class='ocr_line' id='line_1_22' title="bbox 317 2921 1316 3025; baseline 0 -29"><span class='ocrx_word' id='word_1_146' title='bbox 317 2924 388 2996; x_wconf 86' lang='lat' dir='ltr'><strong>Sed</strong></span> <span class='ocrx_word' id='word_1_147' title='bbox 409 2926 567 3014; x_wconf 87' lang='lat' dir='ltr'><strong>interea,</strong></span> <span class='ocrx_word' id='word_1_148' title='bbox 594 2925 799 3022; x_wconf 82' lang='lat' dir='ltr'><strong>praesertim</strong></span> <span class='ocrx_word' id='word_1_149' title='bbox 831 2921 1084 3024; x_wconf 65' lang='lat' dir='ltr'><strong>sipi-elapsus</strong></span> <span class='ocrx_word' id='word_1_150' title='bbox 1115 2945 1254 3025; x_wconf 83' lang='lat' dir='ltr'><strong>magna</strong></span> <span class='ocrx_word' id='word_1_151' title='bbox 1279 2927 1316 2999; x_wconf 87' lang='lat' dir='ltr'><strong>sit</strong></span> 
     </span>
    </p>
   </div>
   <div class='ocr_carea' id='block_1_4' title="bbox 295 3297 1009 4071">
    <p class='ocr_par' dir='ltr' id='par_1_4' title="bbox 295 3297 1009 4071">
     <span class='ocr_line' id='line_1_23' title="bbox 358 3297 888 3382; baseline -0.002 -25"><span class='ocrx_word' id='word_1_152' title='bbox 358 3297 400 3382; x_wconf 87' lang='grc' dir='ltr'><strong>(ι)</strong></span> <span class='ocrx_word' id='word_1_153' title='bbox 422 3301 545 3358; x_wconf 78' lang='lat' dir='ltr'><strong>Dissert.</strong></span> <span class='ocrx_word' id='word_1_154' title='bbox 563 3301 654 3358; x_wconf 85' lang='lat' dir='ltr'><strong>modo</strong></span> <span class='ocrx_word' id='word_1_155' title='bbox 670 3301 823 3374; x_wconf 81' lang='lat' dir='ltr'><strong>indicat.§</strong></span> <span class='ocrx_word' id='word_1_156' title='bbox 843 3301 888 3358; x_wconf 84' lang='grc' dir='ltr'><strong>ιδ.</strong></span> 
     </span>
     <span class='ocr_line' id='line_1_24' title="bbox 355 3386 621 3494; baseline -0.008 -22"><span class='ocrx_word' id='word_1_157' title='bbox 355 3413 398 3494; x_wconf 66' lang='grc' dir='ltr'><strong>(ι)</strong></span> <span class='ocrx_word' id='word_1_158' title='bbox 420 3417 533 3485; x_wconf 78' lang='lat' dir='ltr'><strong>1uia.s</strong></span> <span class='ocrx_word' id='word_1_159' title='bbox 554 3386 621 3472; x_wconf 56' lang='lat'><strong>11)</strong></span> 
     </span>
     <span class='ocr_line' id='line_1_25' title="bbox 352 3529 699 3610; baseline -0.014 -20"><span class='ocrx_word' id='word_1_160' title='bbox 352 3531 398 3610; x_wconf 81' lang='lat'><strong>(3)</strong></span> <span class='ocrx_word' id='word_1_161' title='bbox 417 3531 511 3608; x_wconf 79' lang='lat' dir='ltr'><strong>Epist</strong></span> <span class='ocrx_word' id='word_1_162' title='bbox 530 3532 585 3604; x_wconf 79' lang='lat'><strong>33,</strong></span> <span class='ocrx_word' id='word_1_163' title='bbox 602 3550 632 3586; x_wconf 85' lang='grc' dir='ltr'><strong>ιι.</strong></span> <span class='ocrx_word' id='word_1_164' title='bbox 654 3529 699 3587; x_wconf 83' lang='lat'><strong>15.</strong></span> 
     </span>
     <span class='ocr_line' id='line_1_26' title="bbox 353 3644 1009 3723; baseline 0.008 -22"><span class='ocrx_word' id='word_1_165' title='bbox 353 3644 399 3723; x_wconf 78' lang='grc'><strong>(4)</strong></span> <span class='ocrx_word' id='word_1_166' title='bbox 418 3646 543 3702; x_wconf 84' lang='lat' dir='ltr'><strong>Dissert.</strong></span> <span class='ocrx_word' id='word_1_167' title='bbox 559 3663 651 3720; x_wconf 82' lang='lat' dir='ltr'><strong>supra</strong></span> <span class='ocrx_word' id='word_1_168' title='bbox 665 3645 705 3702; x_wconf 84' lang='lat' dir='ltr'><strong>ad</strong></span> <span class='ocrx_word' id='word_1_169' title='bbox 715 3664 747 3701; x_wconf 87' lang='lat' dir='ltr'><strong>n.</strong></span> <span class='ocrx_word' id='word_1_170' title='bbox 763 3648 845 3711; x_wconf 74' lang='lat' dir='ltr'><strong>leit.</strong></span> <span class='ocrx_word' id='word_1_171' title='bbox 858 3661 885 3704; x_wconf 82' lang='lat' dir='ltr'><strong>c.</strong></span> <span class='ocrx_word' id='word_1_172' title='bbox 902 3665 916 3704; x_wconf 86' lang='grc' dir='ltr'><strong>ι</strong></span> <span class='ocrx_word' id='word_1_173' title='bbox 932 3657 963 3706; x_wconf 80' lang='lat' dir='ltr'><strong>et</strong></span> <span class='ocrx_word' id='word_1_174' title='bbox 981 3659 1009 3706; x_wconf 69' lang='lat' dir='ltr'><strong>a.</strong></span> 
     </span>
     <span class='ocr_line' id='line_1_27' title="bbox 354 3759 791 3840; baseline 0 -23"><span class='ocrx_word' id='word_1_175' title='bbox 354 3759 399 3839; x_wconf 76' lang='grc'><strong>(5)</strong></span> <span class='ocrx_word' id='word_1_176' title='bbox 420 3761 493 3818; x_wconf 67' lang='lat' dir='ltr'><strong>oh.</strong></span> <span class='ocrx_word' id='word_1_177' title='bbox 507 3770 598 3840; x_wconf 67' lang='lat' dir='ltr'><strong>qupm</strong></span> <span class='ocrx_word' id='word_1_178' title='bbox 610 3761 649 3818; x_wconf 82' lang='lat' dir='ltr'><strong>ad</strong></span> <span class='ocrx_word' id='word_1_179' title='bbox 662 3781 694 3818; x_wconf 81' lang='lat' dir='ltr'><strong>n.</strong></span> <span class='ocrx_word' id='word_1_180' title='bbox 708 3781 728 3819; x_wconf 82' lang='lat' dir='ltr'><strong>a</strong></span> <span class='ocrx_word' id='word_1_181' title='bbox 741 3762 791 3820; x_wconf 89' lang='lat' dir='ltr'><strong>cit.</strong></span> 
     </span>
     <span class='ocr_line' id='line_1_28' title="bbox 326 3877 509 3954; baseline -0.027 -19"><span class='ocrx_word' id='word_1_182' title='bbox 326 3913 329 3918; x_wconf 92' lang='lat'><em>-</em></span> <span class='ocrx_word' id='word_1_183' title='bbox 354 3877 399 3954; x_wconf 86' lang='grc'><strong>(6)</strong></span> <span class='ocrx_word' id='word_1_184' title='bbox 419 3877 457 3934; x_wconf 84' lang='grc' dir='ltr'><strong>Ν.</strong></span> <span class='ocrx_word' id='word_1_185' title='bbox 481 3883 509 3944; x_wconf 75' lang='lat' dir='ltr'><strong>l..</strong></span> 
     </span>
     <span class='ocr_line' id='line_1_29' title="bbox 295 3989 826 4071; baseline 0.002 -23"><span class='ocrx_word' id='word_1_186' title='bbox 295 3989 298 3998; x_wconf 86' lang='lat'>&#39;</span> <span class='ocrx_word' id='word_1_187' title='bbox 356 3989 398 4071; x_wconf 82' lang='lat'><strong>(7)</strong></span> <span class='ocrx_word' id='word_1_188' title='bbox 419 3992 499 4049; x_wconf 79' lang='lat' dir='ltr'><strong>Diae.</strong></span> <span class='ocrx_word' id='word_1_189' title='bbox 514 3991 604 4048; x_wconf 84' lang='lat' dir='ltr'><strong>medo</strong></span> <span class='ocrx_word' id='word_1_190' title='bbox 615 3991 747 4051; x_wconf 83' lang='lat' dir='ltr'><strong>iudicata</strong></span> <span class='ocrx_word' id='word_1_191' title='bbox 759 4013 785 4051; x_wconf 87' lang='lat' dir='ltr'><strong>c.</strong></span> <span class='ocrx_word' id='word_1_192' title='bbox 799 3999 826 4060; x_wconf 69' lang='lat' dir='ltr'><strong>l..</strong></span> 
     </span>
    </p>
   </div>
   <div class='ocr_carea' id='block_1_5' title="bbox 0 0 1406 4668">
    <p class='ocr_par' dir='ltr' id='par_1_5' title="bbox 0 0 1406 4668">
     <span class='ocr_line' id='line_1_30' title="bbox 0 0 1406 4668; baseline 0 0"><span class='ocrx_word' id='word_1_193' title='bbox 0 0 1406 4668; x_wconf 95' lang='lat' dir='ltr'><strong> </strong></span> 
     </span>
    </p>
   </div>
  </div>
 </body>
</html>
