2726 4676
294 397 365 470 300
459 421 505 468 nn
532 400 677 468 innisus
702 419 746 465 ar
771 413 895 466 crusis
921 417 1130 466 nonnonuu

294 561 333 608 se
349 533 597 634 expanderet,
629 533 734 631 quod
754 535 902 622 rustici,
927 521 963 604 et
980 535 1081 604 senis
1103 531 1280 628 cujusdam·

294 653 342 724 de
361 678 439 750 quo
458 652 504 722 ad
524 667 560 722 te
581 651 668 723 alias
685 650 739 749 (ι)
756 651 909 749 scripsi,
938 650 1281 722 dissectionibnsre-

294 769 400 842 lectis
418 793 633 867 cognosces.
652 773 783 866 Neque
799 767 980 857 calculos,
992 769 1021 839 si
1039 770 1215 840 rusticum
1233 793 1285 836 ex·

296 890 428 986 cipias,
449 888 546 957 intra
568 887 736 958 sacculos
754 887 840 957 illos
861 887 955 974 vidi,
978 901 1041 958 aut
1058 901 1167 957 antea
1186 884 1283 956 fuisse

289 1005 486 1086 intellexi:
511 1029 635 1100 neque
662 1003 831 1075 sacculos
855 1003 902 1074 ad
924 1005 1004 1102 ipsa
1030 1019 1217 1087 ureterutn
1234 1027 1284 1074 os-

296 1121 399 1210 cula,
411 1121 513 1210 haud
523 1118 644 1210 infra,
661 1121 725 1192 sed
737 1145 849 1219 supra
863 1121 941 1190 haec
962 1121 1218 1218 mibicontigit
1228 1120 1284 1190 de-

295 1237 554 1338 prehendere,
581 1240 658 1309 imo
688 1253 726 1310 et
760 1241 932 1336 superius
959 1239 1102 1326 multe,
1127 1253 1170 1310 ut
1192 1263 1231 1308 ex
1249 1238 1288 1308 iis

296 1381 388 1454 quas
414 1357 592 1444 indicavi,
612 1357 706 1428 meis
737 1356 1065 1429 observationibus
1085 1357 1284 1455 perspicies.

346 1475 402 1548 31.
428 1474 538 1546 Aliud
567 1475 682 1570 igitur
703 1474 841 1545 sacculi
873 1475 914 1544 hi
943 1490 1049 1562 sunt,
1070 1499 1112 1544 ac
1132 1475 1187 1544 illi
1205 1496 1285 1570 quos

292 1592 367 1666 sibi
390 1592 522 1664 calculi
543 1606 675 1688 parant
693 1592 740 1662 ad
764 1592 828 1662 illa
847 1607 1004 1690 angusta
1023 1607 1214 1663 ureterum
1238 1613 1286 1662 os

296 1711 379 1782 cula
397 1709 655 1796 subsistentes,
674 1709 803 1806 ibique
822 1725 1048 1797 crescentes,
1072 1710 1177 1806 quod
1196 1708 1286 1779 novit

297 1829 386 1900 olim
412 1833 543 1900 Petrus
573 1832 740 1900 Francus
779 1827 865 1923 (α),
893 1829 1064 1924 quamvis
1101 1851 1223 1924 neque
1249 1823 1285 1894 ab

291 1947 452 2020 Riolauo
478 1945 550 2041 (3),
573 1925 698 2043 neque
722 1947 917 2017 aWillisio
944 1944 1018 2042 (4),
1042 1970 1171 2042 neque
1201 1969 1220 2015 a
1241 1956 1285 2013 tot

295 2063 377 2136 aliis
388 2061 453 2159 qui
468 2061 515 2132 ad
535 2061 609 2132 hoc
627 2086 747 2160 usque
759 2077 909 2160 tempus
932 2062 1032 2134 idem
1054 2073 1284 2144 censuerunt,

295 2179 469 2251 laudatus
477 2179 590 2276 (unu,
602 2179 707 2276 quod
721 2179 1035 2268 acian1,Platnero
1045 2178 1100 2276 (5)
1112 2177 1286 2276 excepto),

296 2297 361 2394 qui
373 2312 410 2368 et
423 2297 601 2369 rarissimi
611 2297 728 2395 ipsius
745 2296 833 2368 libri
850 2296 926 2368 huc
944 2299 1168 2368 attinentem
1188 2293 1284 2394 parti·

296 2415 420 2486 culam
437 2413 661 2513 descriptam
687 2417 894 2513 proposuit.
930 2415 1041 2505 Quod
1059 2429 1185 2486 autern
1206 2411 1283 2484 Plat-

295 2556 427 2618 nerus,
438 2532 610 2602 Littrium
630 2530 685 2627 (6)
697 2586 707 2616 ,
717 2548 754 2604 et
770 2531 858 2604 Abr.
871 2537 1052 2604 Veterum
1062 2533 1118 2631 (7)
1133 2545 1285 2613 secutus,

295 2649 454 2737 addidit,
476 2650 517 2720 ni
532 2649 666 2720 calculi
685 2648 773 2720 inde
793 2649 987 2738 excidant,
1007 2651 1135 2722 videri
1156 2651 1223 2721 sibi
1232 2669 1284 2716 no·

297 2793 379 2839 vam
389 2769 647 2859 viamfacere,
662 2765 1284 2839 dumeontractasubindevaleutius

294 2883 420 2957 vesica
433 2891 535 2955 intra
545 2883 659 2979 hujus
677 2891 821 2955 tunicas
831 2909 961 2957 versus
975 2892 1148 2958 cervicem
1149 2878 1283 2984 propel·

297 3001 449 3080 luatur:
469 3016 506 3074 et
523 3001 623 3072 banc
643 3025 794 3074 causam
813 3027 909 3091 esse,
931 3007 1115 3101 'cursaepe
1135 3008 1172 3072 in
1193 2999 1283 3081 locis,

401 3555 605 3629 Anthropogr.
623 3553 644 3608 l.
659 3572 693 3622 a,
713 3571 738 3608 c.
753 3551 799 3608 28.

401 3656 480 3710 Diss.
495 3655 532 3710 de
545 3654 626 3709 urin.
641 3673 666 3709 c.
682 3651 710 3709 5.
