2814 4674
148 477 211 524 mr.
231 475 286 522 111.
314 475 360 520 DE
387 467 522 519 Mounls
541 472 712 538 VENTRIS,
737 475 848 524 EPIST·
874 478 994 526 xxxlx.
1046 459 1094 554 93

104 591 254 688 scripsit,
283 586 437 684 globum
471 585 699 683 praegrandis
724 587 786 656 ovi
811 571 1093 686 magnitudine,

103 703 406 802 comprehensum
417 701 516 789 alba,
534 715 571 775 et
583 703 690 800 quasi
703 703 940 802 cartilaginea
955 712 1093 798 tunica,

104 821 316 920 quibusdam
334 834 461 892 tamen
480 818 572 891 locis
588 820 780 908 tenuiore,
804 836 840 894 et
861 824 1092 922 nigricante3

104 942 191 1009 intra
207 963 293 1010 eum
311 936 465 1034 globum
483 935 672 1008 delituisse
689 937 854 1034 pilorum
870 940 1094 1038 glomerem,

103 1054 143 1126 ab
156 1080 197 1126 ea
205 1056 332 1126 tunica
346 1054 503 1124 omnino
517 1054 745 1148 sejunctum,
761 1069 798 1126 et
808 1055 972 1152 quodam
989 1061 1095 1156 quasi

106 1170 185 1244 sebo
195 1171 422 1242 delibutum:
441 1172 537 1240 intra
551 1170 899 1268 glomeremautem
916 1174 1095 1248 nucleum

106 1285 311 1383 quemdam,
332 1313 377 1360 ex
398 1313 476 1385 quo
502 1311 588 1358 vasa
613 1287 767 1384 aliquod
781 1289 821 1358 in
838 1285 1095 1364 continuatam

37 1389 40 1400 ¹
106 1407 196 1478 testis
209 1407 455 1480 substantiam
474 1403 722 1502 pertinebant.
741 1408 829 1495 Quae
845 1433 947 1496 vasa,
969 1425 1006 1482 et
1024 1437 1096 1482 nu-

107 1521 214 1594 cleum
229 1522 276 1595 ab
293 1523 374 1594 aliis
392 1547 471 1593 nou
491 1522 646 1594 memini
665 1523 943 1613 animadversa,
962 1543 1004 1600 ut
1026 1555 1094 1602 ne-

107 1664 167 1736 que
193 1665 213 1712 a
236 1641 377 1712 caeteris
397 1639 474 1710 duo
503 1664 584 1736 quae
611 1637 803 1710 Bauhinus
832 1639 1093 1734 adnotaverat,

105 1755 187 1850 pilos
215 1757 388 1830 videlicet
414 1755 540 1846 albos,
575 1755 816 1827 concludenti
849 1761 982 1830 tunicae
1008 1762 1094 1832 infi-

106 1897 177 1960 xos,
196 1873 322 1947 nullos
340 1889 465 1945 autem
488 1875 528 1944 in
539 1873 707 1944 mulieris
721 1873 820 1945 illius
838 1870 964 1972 pube,¹
977 1903 1094 1976 quan·

107 2014 204 2086 quam
218 1992 343 2090 puella
353 2017 432 2062 non
444 2005 540 2076 erat,
556 1991 633 2060 imo
645 2013 805 2086 puerum
818 1991 896 2087 jam
911 1992 1090 2074 ediderat.

93 2107 165 2208 ,sed
179 2110 266 2182 dum
289 2109 368 2180 haec
387 2132 641 2194 recenserem,
659 2109 698 2176 in
719 2131 957 2207 programma
976 2114 1092 2184 incidi
1124 2183 1126 2188 ,
1157 2158 1159 2170 =

107 2223 144 2296 de
163 2233 277 2299 orarii
308 2241 451 2296 tumore
470 2225 617 2322 pelosO,
646 2225 776 2322 Lipsiae
813 2226 953 2299 editum
990 2255 1090 2312 anuo

109 2343 204 2439 1735,
219 2369 240 2416 a
256 2344 380 2472 Polyc.
402 2342 514 2414 Gottl
533 2339 765 2430 Schachero,
787 2344 853 2439 qui
876 2369 954 2416 nou
973 2347 1088 2418 modo

106 2460 181 2534 alios
194 2475 378 2534 memorat
392 2460 572 2557 pilorum,
591 2474 628 2529 et
641 2460 791 2556 pinguis
806 2463 967 2532 materiae
985 2465 1024 2534 in
1037 2463 1088 2536 fe·

105 2578 219 2650 niueis
235 2577 409 2663 testibus,
432 2602 453 2648 a
470 2575 610 2647 dextris
627 2575 852 2673 pracsertim,
871 2576 1088 2652 observato-

106 2717 170 2783 res;
183 2695 244 2767 sed
255 2695 303 2766 ab
318 2719 356 2766 se
371 2718 523 2790 quoque
535 2694 575 2762 in
588 2691 818 2788 amplissimo
832 2694 982 2764 sinistro
996 2710 1088 2768 teste
1156 2777 1158 2784 y

108 2811 217 2884 eadem
237 2827 386 2909 reperta
409 2809 645 2895 describens,
667 2808 763 2904 pilos
781 2811 1038 2905 potissimum,
1058 2815 1088 2886 si

109 2930 298 3024 quisalius,
312 2927 512 3026 diligenter
521 2927 717 3025 proponit,
731 2949 800 2994 nec
813 2925 937 2998 verbis
948 2929 1086 3019 solum,

106 3046 346 3140 verumetiam
363 3043 512 3142 figuris,
544 3027 683 3140 eosque
710 3067 755 3112 ex
776 3047 922 3113 interna
952 3054 1087 3120 tunicae
1178 3077 1180 3082 ·

106 3164 299 3234 incrassatur
315 3163 509 3260 superficie
529 3159 713 3258 prodiisse
733 3155 930 3230 confirmat
941 3189 1085 3260 ,quam

107 3293 295 3394 propterea
296 3302 387 3350 eum
404 3292 556 3349 externa
571 3277 703 3374 capitis
716 3289 800 3348 cute
813 3275 983 3372 capillata
996 3304 1088 3350 con-

107 3389 271 3467 lerrenon
278 3353 438 3466 dubitat.
451 3394 551 3483 Quin
565 3393 641 3464 acl
659 3416 812 3489 quoque
823 3395 1066 3496 Targromo(
1072 3399 1087 3495 )
1143 3463 1145 3467 ,

108 3527 306 3610 conspectos
328 3511 424 3608 pilos
448 3507 559 3581 fuisse
583 3506 843 3600 animadverti,
870 3535 999 3583 crassae
1031 3529 1086 3586 te-

109 3629 245 3727 nacique
270 3629 405 3700 tunicae
422 3627 540 3699 altero
568 3627 688 3723 capite
711 3623 814 3698 haud
840 3625 947 3698 aliter
969 3631 1085 3701 inhae-

141 3997 174 4076 (ι)
193 4001 247 4058 cit.
263 3960 356 4076 'supra
368 4003 406 4058 ad
420 4021 450 4056 n.
467 4009 514 4069 lo.
