2726 4676
122 467 189 512 nm.
218 468 272 514 111.
302 467 349 514 ou
374 464 834 531 uonntsvnurnts,ur1sr.
862 469 949 515 xnn.
979 445 1048 516 265

60 575 98 648 de
118 579 332 650 lumborum
362 578 494 651 dolore
513 578 560 650 ab
584 580 904 678 interrogantibus
928 581 1052 677 audita

60 690 190 783 fuerat,
215 711 386 794 optatum
406 694 520 768 finem
536 697 724 793 imposuit.

100 813 282 899 Cadaver,
301 813 404 911 quod
425 815 583 886 sceletus
601 829 685 886 cute
697 813 885 888 obductus
899 815 1052 888 videba-

62 944 133 1019 tur,
151 929 222 1002 sub
238 931 350 1001 dioin
366 931 671 1028 amplissimoque
685 931 789 1020 1000,
803 931 853 1004 ob
864 933 1055 1004 annitem-

59 1069 120 1142 pus
143 1046 454 1135 fervidissimum,
474 1049 633 1120 incisum
661 1065 736 1138 est;
762 1051 931 1147 quintilis
952 1050 1053 1120 enim

61 1165 188 1236 mensis
209 1181 289 1237 erat
308 1167 455 1236 initium
467 1167 557 1235 anni
574 1164 676 1262 1738.
693 1168 859 1238 Primum
871 1168 1054 1252 omnium,
1073 1235 1079 1256 ι

60 1281 245 1376 speeiilum
258 1283 351 1378 jussi
362 1307 431 1382 per
447 1280 617 1354 foramen
634 1282 826 1360 dexterum
847 1287 887 1354 in
916 1284 1053 1356 ulceris

60 1421 175 1470 cavum
202 1402 347 1497 trajici,
373 1417 573 1498 totumque
602 1426 688 1471 eum
717 1403 840 1472 sinum
871 1401 1050 1500 patefieri.

60 1518 134 1586 Erat
152 1518 182 1588 is
199 1519 301 1590 inter
320 1517 510 1590 musculos
528 1517 741 1590 abdominis
759 1535 795 1590 et
815 1522 1052 1616 integumen-

58 1645 101 1720 ta,
109 1660 256 1758 ‘reque
285 1635 401 1706 ullam
428 1661 611 1732 usquam,
633 1637 704 1706 nisi
731 1662 817 1707 cum
845 1639 910 1708 illo
941 1662 1052 1724 cavo,

60 1753 431 1825 communicationem
472 1752 646 1825 habebat.
676 1754 788 1844 Quod
817 1756 974 1852 longum
1003 1755 1051 1824 la-

59 1879 206 1966 tumque
226 1869 362 1967 digitos
379 1885 472 1959 tres,
492 1895 513 1939 a
536 1871 686 1942 sinistro
705 1872 752 1944 ile
770 1871 893 1941 albam
912 1872 1050 1942 lineam

59 2009 173 2058 versus
190 2011 235 2058 se.
245 1987 471 2076 extendens,
486 1988 591 2058 tenui
601 1989 746 2085 postico
763 1991 922 2086 pariete,
936 2013 1050 2085 quem

60 2100 214 2198 reliquiae
232 2104 492 2174 musculorum'
507 2119 543 2174 et
558 2105 803 2201 peritonaeum
816 2103 1052 2190 faciebant,a
1145 2135 1146 2138 ¹

60 2221 188 2290 ventris
213 2220 366 2316 quidem
394 2245 504 2293 cavea
533 2220 797 2318 separabatur3
824 2221 889 2294 sed
917 2221 1051 2300 eodem

60 2335 220 2428 parietea
239 2336 378 2410 dextris
390 2353 561 2435 patente,
582 2363 667 2410 cum
682 2341 808 2412 vesicae
820 2337 945 2412 fundo
954 2365 1053 2412 com·

62 2451 265 2524 manicabat
282 2481 289 2522 :
310 2454 471 2551 illacque
492 2479 627 2552 magna
647 2481 732 2553 pars
753 2481 842 2530 acus
858 2461 898 2528 in
918 2458 1053 2530 ulceris

61 2587 179 2640 cavum
206 2571 458 2668 prominebat.
486 2575 591 2643 Tunc
615 2571 802 2646 abdomen
822 2577 873 2646 sic
891 2575 1051 2667 incisum

62 2703 124 2776 est,
146 2704 190 2759 ut
215 2691 330 2760 sectio
350 2689 394 2760 ad
414 2692 575 2762 vesicam
602 2715 681 2762 non
709 2695 948 2788 perveniret:
970 2718 1052 2787 quae

62 2807 117 2875 etsi
133 2831 248 2904 parva
272 2822 372 2893 erat,
391 2821 517 2878 tamen
544 2809 672 2896 altius,
696 2807 735 2878 id
759 2825 814 2880 est
838 2835 948 2907 supra
969 2833 1051 2882 ossa

60 2922 158 3014 pubis
176 2949 263 3006 cum
276 2926 423 2996 interna
440 2924 653 2996 abdominis
674 2923 764 2996 facie
784 2927 988 3026 coaluerat,
1009 2952 1051 2997 ea

61 3035 229 3112 duntaxat
249 3056 354 3138 parte
367 3067 439 3139 qua
458 3043 497 3112 in
514 3043 650 3114 ulceris
670 3067 799 3114 cavum
813 3043 983 3141 patebat,
1002 3044 1051 3116 ita
1143 3048 1144 3053 ’

62 3168 95 3224 ut
112 3157 203 3227 nihil
221 3160 259 3226 in
275 3159 416 3228 ventris
432 3183 582 3230 caveam
598 3157 742 3230 effundi
758 3174 905 3256 posset,
924 3160 1051 3256 inqua

60 3294 176 3372 reapse
195 3273 304 3346 effusi
320 3275 579 3348 humorisnon
595 3293 674 3349 erat
693 3255 911 3375 quidquam.
929 3278 1053 3354 Sedet

63 3394 215 3478 omenti,
236 3393 275 3462 in
296 3417 372 3489 quo
387 3395 448 3463 vix
464 3393 607 3490 aliquid
625 3394 687 3464 hic
702 3394 776 3464 illic
790 3393 952 3465 restabat
964 3397 1050 3493 pin-
1132 3447 1134 3452 ,

62 3509 244 3599 guedinis,
268 3534 333 3580 ora
352 3509 481 3582 infima
507 3510 553 3580 ad
574 3513 788 3608 proximum
804 3511 933 3582 vesica.
951 3515 1052 3609 peri·

63 3634 212 3719 tonaeum
240 3629 445 3699 arctissime
472 3626 753 3700 annectebatur.
774 3631 838 3700 His
859 3631 908 3732 ita
927 3632 1052 3728 pervi-

63 3738 120 3828 sis,
143 3757 180 3813 et
212 3742 375 3815 diductis
406 3743 518 3841 pubis
555 3744 724 3834 ossibus,
747 3739 873 3817 vesica¹
901 3762 978 3817 tota
1013 3748 1053 3816 in

62 3875 292 3956 conspectum
325 3860 433 3949 data,
462 3863 618 3958 ipsaque
656 3887 742 3932 cum
772 3863 941 3952 urethra,
970 3887 1052 3960 quae

63 3991 250 4066 senserat,
273 3992 420 4074 aperta,
441 4001 570 4049 crassae
599 3979 754 4074 quidem
775 3980 872 4054 illius
893 3981 1049 4067 tunicae,
