2746 4674
267 419 335 493 188
429 445 475 494 oa
502 428 648 490 sabinos
674 443 717 490 ur
743 439 865 487 crusts
891 439 1099 490 noseorum

263 539 385 658 totuin
415 555 685 655 asportandum
717 551 846 632 fuerit,
874 579 922 626 ne
949 555 1077 626 odoris
1104 554 1278 651 gravitas

263 675 498 772 gymnasium
519 670 696 744 inliceret.
725 672 796 742 Vix
819 672 899 768 ipse
919 672 1102 742 nonnulla
1125 671 1277 742 cursim

262 791 478 864 in'reoibus
501 789 766 876 animadverti,
786 814 871 885 quae
891 815 977 860 cum
1005 789 1079 860 alio
1103 790 1191 860 loco
1215 784 1278 886 (ι)
1364 807 1365 868 t

264 908 505 994 tradiderim,
524 933 602 978 non
620 906 681 976 hic
694 893 851 977 iterabo

319 1051 372 1095 11.
401 1025 467 1096 Ilei
495 1024 717 1121 interceptio
744 1025 860 1095 urinae
876 1025 1209 1122 suppressionem,
1225 1045 1279 1091 an

266 1121 346 1212 haec
366 1142 427 1214 ilei
453 1143 762 1239 interceptionem
790 1143 1036 1239 praecesserit,
1064 1166 1134 1242 pro
1163 1153 1280 1212 certo

268 1260 362 1331 scire
380 1285 456 1330 non
471 1261 587 1356 potui.
602 1258 699 1330 lllud
713 1259 812 1346 scio,
829 1258 933 1357 quod
944 1273 980 1331 et
991 1261 1071 1330 aliis
1080 1253 1278 1352 litteris(o)

269 1377 419 1474 scripsi,
440 1376 486 1447 ad
507 1377 569 1447 ilei
588 1373 918 1448 inflammationem
941 1378 1021 1448 lotii
1037 1374 1280 1474 suppressio·

268 1519 355 1566 nem
376 1495 564 1578 accedere.
585 1494 657 1568 Sed
680 1511 717 1566 et
735 1493 863 1593 plures
880 1496 958 1566 alia
973 1510 1058 1568 sunt
1075 1517 1193 1566 causae
1210 1517 1279 1562 ex-

239 1603 240 1606 *
269 1625 327 1682 tra
344 1613 502 1682 vesicam
519 1613 665 1710 positae,
685 1637 766 1709 quae
783 1613 821 1682 in
839 1610 908 1682 hac
930 1611 1061 1682 lotium
1076 1633 1279 1681 remoran-

269 1743 345 1800 tur.
361 1733 414 1817 De
430 1727 539 1815 foetu,
555 1730 594 1798 in
616 1727 759 1801 difficili
776 1743 885 1827 partu
898 1729 979 1823 ejus
993 1729 1177 1798 cervicem
1187 1750 1277 1826 pre·

269 1861 398 1918 mente
418 1846 531 1942 paulo
546 1860 632 1918 ante
645 1845 699 1942 (3)
717 1845 859 1916 dictum
882 1859 960 1918 est:
982 1847 1075 1942 quin
1097 1845 1211 1916 etiam
1236 1843 1277 1912 in

273 1964 479 2060 gestatione
505 1963 622 2049 uteri,
645 1977 835 2059 postremo
858 1965 1061 2061 praesertim
1079 1977 1278 2059 tempore,

271 2079 450 2154 mulieres
472 2095 559 2152 sunt
581 2105 739 2178 quarum
764 2081 906 2177 aliquas
931 2081 1051 2179 probe
1077 2081 1279 2166 novimus,

272 2223 355 2296 quae
374 2198 541 2296 mingere
554 2213 771 2296 nequeunt,
792 2199 864 2270 nisi
888 2199 1037 2296 supinae.
1056 2203 1137 2270 Huc
1158 2196 1279 2282 adde,
1362 2239 1363 2244 κ

273 2329 406 2411 utquae
418 2315 536 2386 rarius
546 2315 722 2410 accidunt
734 2315 1163 2412 praetereamus3scimus
1175 2315 1281 2386 enim

271 2430 448 2502 muliebri
465 2431 627 2502 urethrae
640 2432 820 2504 adnutum
841 2434 1003 2504 exterius
1017 2455 1156 2529 corpus
1178 2433 1280 2530 glan·

275 2546 452 2619 dulo'ltum
466 2555 588 2646 pugni
602 2549 896 2646 magnitudinem
915 2548 1097 2620 excedens
1116 2548 1196 2645 (d),
1212 2547 1280 2620 sci·

271 2689 357 2738 mus
385 2666 528 2736 acriora
553 2665 846 2750 medicamenta,
866 2666 1044 2752 naturali,
1068 2680 1110 2735 ut
1136 2666 1278 2736 arctius

272 2781 582 2880 adstringeretur,
598 2783 764 2857 adhibita
775 2838 785 2872 ,
796 2782 888 2854 illud
902 2782 1093 2854 urethram
1106 2805 1279 2878 premen-

273 2899 345 2988 do,
365 2899 443 2970 haec
460 2897 792 2971 inflammationem
810 2898 1175 2975 vehementissimam
1186 2891 1280 2970 con·

275 3018 446 3105 citando,
466 3017 644 3091 lethalem
657 3018 821 3090 attulisse
833 3019 949 3088 urinae
962 3017 1279 3115 suppressionem,

275 3161 388 3234 quam
410 3136 520 3208 etiam
536 3160 556 3206 a
574 3137 772 3232 sanguine,
790 3135 1008 3208 evulnerati
1029 3137 1175 3208 omenti
1193 3158 1278 3207 vase

276 3257 456 3354 paulatim
473 3257 703 3345 destillante,
722 3261 761 3328 in
789 3257 888 3355 pelvi
911 3273 1035 3328 autem
1057 3258 1277 3354 coagulam,

275 3388 312 3446 et
329 3375 457 3444 vesicae
480 3374 620 3446 collum
642 3373 750 3446 valde
771 3367 1065 3473 comprimente,
1083 3374 1278 3446 inductam

285 3570 1280 3599 mmm·

317 3685 360 3765 (r)
381 3689 474 3764 Epist.
491 3690 542 3760 38,
554 3710 584 3745 ιι.
600 3695 647 3755 41.

311 3785 360 3867 (a)
383 3788 478 3862 Epist.
495 3789 550 3858 34,
567 3804 597 3843 ιι.
611 3788 641 3844 8.

318 3885 456 3967 (3)N.9

316 3987 360 4064 (4)

380 3908 456 4044 Acti
461 3987 499 4044 N.
512 3988 545 4044 C
558 3995 629 4044 tom.
641 3986 752 4056 1,obs.
768 4003 836 4046 ror.
