2790 4668
144 437 213 484 ιη.
242 437 297 483 111.
325 435 371 482 na
397 416 859 498 noaa1svanan1's,anisa.
887 436 983 482 ων.
1012 416 1081 508 477

85 537 162 646 quae
188 551 228 620 in
254 563 420 646 prostata
444 563 530 619 sunt
561 547 753 644 glandula,
792 573 870 618 non
898 551 1024 619 omnia
1044 549 1084 620 id

84 664 242 756 faciunt3
261 665 324 739 sed
347 691 389 737 ea
406 666 585 738 duntaxat
600 687 681 762 qnoe
696 664 785 735 hinc
802 666 863 735 illa
882 667 961 761 ejus
978 683 1083 763 parte

84 800 165 855 sunt
188 807 390 882 perquam
413 779 526 869 alter,
553 781 712 852 ambove
737 807 868 852 eorum
895 784 1081 854 canalium

82 897 348 988 traducuntur,
377 923 459 996 quae
485 895 694 996 pars-pone
716 897 909 969 urethram
936 923 1082 970 summa

82 1031 154 1104 est,
174 1015 265 1087 inde
284 1039 374 1086 vero
393 1015 574 1086 ulcerosis
601 1015 784 1084 cuniculis
808 1015 915 1102 actis,
936 1013 1024 1101 sibi,
1045 1030 1082 1093 et

82 1105 182 1228 piari,
211 1147 250 1204 et
278 1133 412 1203 semini
435 1131 576 1202 aditum
604 1132 644 1199 in
668 1129 832 1200 urethrae
861 1131 1078 1202 interiorem

81 1245 205 1320 faciem
225 1251 418 1348 aperiunt,
440 1250 521 1320 sive·
534 1263 665 1319 contra
683 1246 730 1317 ab
755 1246 825 1322 hac
843 1247 889 1318 ad
909 1249 993 1320 illos
1017 1273 1079 1320 us·

79 1391 146 1462 que
170 1367 319 1438 canales
347 1365 534 1463 serpendo
563 1367 802 1463 perueniunt.
833 1370 970 1435 Caetera
1000 1367 1079 1462 ejus

80 1481 263 1579 glandula¹
280 1484 406 1554 ulcera
424 1507 517 1554 cum·
535 1497 678 1554 secreto
700 1483 739 1550 in
764 1506 806 1556 ea
828 1481 986 1554 humore
1007 1507 1079 1580 pus

82 1597 314 1676 commistum
334 1602 526 1686 emittunt,
549 1615 613 1670 aut
635 1624 703 1697 per
722 1603 876 1696 propria
906 1599 1078 1670 ulcerum

81 1715 243 1812 ipsorum
278 1741 360 1814 quae
384 1719 482 1788 intra
510 1717 703 1788 urethram
736 1731 863 1813 patere
899 1733 1077 1814 possunt,

79 1833 239 1922 orificio,
258 1851 321 1915 aut
339 1859 407 1934 pen
425 1834 608 1908 naturalia
631 1834 812 1931 glandulae
834 1834 1000 1931 ejusdem
1019 1861 1078 1916 osv

81 1951 179 2022 cula:
196 1977 268 2050 pen
287 1978 385 2050 qnae,
402 1977 488 2023 cum
509 1953 588 2024 sine
607 1951 733 2022 ulcere
756 1953 895 2021 laxiora
915 1947 1088 2023 tantum?

81 2068 189 2138 modo
204 2087 314 2167 sunt,
334 2071 435 2150 solus
459 2069 520 2140 ille
546 2068 700 2154 humor,
724 2079 802 2138 n'on
826 2093 913 2166 pus,
928 2094 1007 2140 non
1025 2095 1077 2142 sc-

79 2208 160 2256 men
175 2241 185 2275 ,
202 2185 330 2258 effluit.
353 2193 475 2284 Atque
487 2187 563 2256 hoec
576 2187 700 2284 attigi,
719 2203 761 2257 ut
776 2202 943 2258 veterum
963 2212 1076 2260 noxa,

79 2307 324 2402 runivestigia
338 2329 420 2402 qnae
434 2304 526 2374 mihi
547 2305 662 2375 autin
682 2329 721 2374 ca
741 2304 933 2402 glandula,
952 2321 1016 2376 aut
1035 2308 1076 2376 in

80 2423 292 2509 caruncula,
311 2424 425 2494 autin
437 2437 597 2518 utraque
614 2421 733 2492 videri
750 2423 924 2520 contigit,
938 2425 997 2495 vel
1015 2446 1086 2506 ma:

78 2550 239 2628 tacente,
257 2539 417 2637 intelligi·
431 2539 539 2610 liceat
557 2563 634 2634 quo
651 2539 863 2610 attinerent.

127 2657 177 2727 18.
199 2660 428 2754 Et'prinium
458 2657 612 2753 quidem
633 2653 775 2726 offendi
802 2653 1074 2754 superficiaria,
1174 2671 1178 2676 '

78 2772 184 2846 veluti
208 2774 352 2845 albidas
379 2773 459 2844 illas
483 2787 668 2844 exstantes
695 2773 826 2860 lineas,
854 2793 1087 2874 excrescenv*

77 2890 224 2981 tiaruni,
250 2907 294 2962 nt
312 2893 469 2989 opinor,
494 2891 686 2988 reliquiae,
705 2906 767 2961 aut
785 2906 860 2962 tues
878 2891 963 2962 illos
990 2916 1075 2988 pen·

77 3004 202 3081 breves
223 3011 326 3080 sinus
353 3033 449 3106 quos
474 3033 586 3107 sapia
611 3008 664 3106 (1)
692 3010 731 3078 in
763 3008 955 3105 decrepito
984 3031 1073 3080 sena

77 3121 271 3224 descripsit·
301 3107 371 3198 alia
398 3119 535 3199 autem*
549 3125 752 3225 profunda,
776 3142 813 3196 et
830 3149 984 3224 prorsus
1008 3126 1085 3199 ab÷¹

77 3239 163 3328 dita,
184 3260 226 3314 ut
243 3268 288 3314 ex
301 3247 471 3342 proxima
485 3267 691 3342 cognosces
708 3243 875 3314 historia.

127 3385 177 3457 19.
202 3364 309 3432 Senis
336 3362 515 3448 cadavere
548 3385 637 3433 usus
660 3383 748 3432 sum,
769 3385 870 3432 anno
894 3369 1006 3461 1742,
1028 3365 1086 3447 ad*

79 3493 272 3552 anat'omen
295 3479 448 3578 publice
465 3479 737 3564 inchoandam,
762 3481 870 3575 cujus
894 3485 1075 3578 quoniam

79 3595 197 3668 morbi
221 3599 286 3696 qui
310 3595 480 3688 fuissent,
503 3599 595 3670 scire
625 3621 695 3695 pro
721 3613 825 3668 certo
849 3603 928 3669 non
951 3602 1089 3697 potui,-
