2726 4676
125 472 195 518 ur.
225 471 282 518 ιιι.
309 471 356 516 or
382 467 517 516 reornrs
535 469 704 533 venenis,
729 471 839 518 srrsr.
866 427 953 518 nnn.
983 450 1053 524 225

58 607 115 672 so,
140 583 260 656 modo
283 584 429 682 percipi
459 595 619 680 potqrat‚
647 581 762 654 modo
786 608 864 655 non
895 601 1051 684 poterat.

57 703 174 791 Quem
195 700 421 784 lithotomrfl
436 723 521 770 cum
542 697 1056 799 extrahendumsuscepisset,

57 832 259 914 postquam
274 817 338 888 diu
353 841 511 915 puerum
522 817 686 905 vexavit,
704 841 837 913 magna
849 819 884 890 vi
900 843 1057 918 parvum

57 932 219 1031 lapidem
233 934 372 1008 eduxit.
387 939 480 1006 Cum
500 959 590 1006 vero
609 934 728 1006 inesse
745 935 901 1006 alterum
925 939 1057 1010 sensis·
1080 1021 1082 1032 Ι

58 1063 128 1138 set,
144 1075 282 1124 rursus
297 1075 457 1148 puerum
473 1051 566 1124 adeo
584 1053 709 1136 torsit,
722 1067 764 1122 ut
782 1053 819 1122 in
833 1052 904 1124 iilis
918 1056 1057 1126 crucia·

58 1166 348 1242 tibussuffocari
370 1193 408 1240 se
433 1168 593 1255 diceret3
619 1167 770 1240 tandem
794 1167 901 1242 fracti
924 1173 1058 1270 lapidis

59 1290 275 1380 portionem
293 1286 459 1356 extraxit.
476 1287 547 1356 Vix
557 1285 656 1356 horre
670 1285 866 1358 dimidium
887 1289 1056 1386 elapsum

60 1415 152 1488 erat,
170 1427 262 1474 cum
288 1425 439 1472 vomere
457 1425 552 1499 puer
569 1404 702 1498 coepit,
725 1404 871 1475 assidue
892 1431 1057 1500 querens

61 1515 101 1589 de
113 1520 265 1618 ingenti
282 1518 413 1590 dolore
426 1521 465 1588 in
480 1520 620 1591 ventris
636 1535 740 1616 parte
758 1518 897 1592 infima.
919 1523 982 1594 His
997 1549 1058 1595 ac-

61 1638 162 1708 cessit
193 1637 408 1708 abdominis
443 1637 532 1710 levis
562 1651 712 1722 tumor,
742 1633 931 1734 febrisque
969 1665 1058 1714 cum

61 1775 190 1850 magna
206 1755 288 1842 siti,
311 1754 433 1850 aliqua
448 1753 615 1848 spirandi
634 1751 869 1842 difficultate,
891 1771 927 1826 et
943 1759 1058 1830 totius

63 1873 230 1968 corporis
241 1872 453 1966 jactatione.
474 1875 604 1967 ltaque
620 1870 714 1944 obiit
732 1895 806 1942 una
825 1887 861 1942 et
879 1875 1057 1970 vigesima

62 2001 139 2081 post
151 1989 313 2060 eductos
325 1988 488 2058 calculos
500 2003 625 2060 exacta
636 1987 738 2060 hora.
758 1993 898 2061 Ventre
911 2004 1058 2088 aperte,

63 2107 176 2176 vesica
196 2131 285 2186 curn
305 2105 554 2200 circumjectis
578 2104 806 2178 membranis
832 2105 1059 2182 inflammata

66 2219 295 2318 deprebensa
324 2237 395 2310 est,
420 2237 457 2292 et
476 2223 575 2294 circa
601 2223 783 2294 cervicem
802 2224 850 2295 ab
869 2227 1066 2298 anteriore

64 2353 160 2432 parte
175 2341 386 2412 dilacerata.
408 2345 451 2410 ln
471 2342 549 2436 ejus
567 2364 657 2412 cavo
680 2320 887 2414 dimidium¹
902 2341 1058 2416 secundi

66 2451 189 2552 lapidis
205 2459 375 2530 relictum
387 2473 474 2530 erat.
911 2551 913 2556 Ι

105 2598 137 2668 9.
155 2575 364 2648 Lithotomi
381 2591 444 2646 aut
461 2575 646 2672 imperitia
661 2588 725 2646 aut
738 2576 926 2646 temeritas
944 2601 1056 2648 excu-

67 2691 129 2758 sari
146 2691 209 2764 hic
228 2690 396 2789 profecto
410 2717 487 2764 non
503 2705 635 2789 potest.
651 2697 782 2788 Neque
798 2690 871 2762 hoc
887 2716 932 2763 eo
950 2692 1056 2782 dic0,

68 2807 159 2899 quod
188 2808 307 2907 digito
332 2811 505 2882 inanum
533 2807 711 2893 demiss0,
743 2809 907 2879 calculos
942 2809 1057 2880 modo

68 2927 253 3024 percipere
282 2942 423 3024 posset,
443 2924 557 2998 modo
577 2950 655 2996 non
682 2939 828 3022 posset,
848 2949 922 3020 qua
948 2924 994 2996 de
1016 2951 1057 2998 re

69 3059 145 3111 mox
161 3043 216 3140 (r)
236 3043 456 3116 videbimus.
476 3041 547 3113 Sed
562 3065 607 3113 eo
627 3041 730 3126 dieo,
753 3041 856 3138 quod
879 3066 956 3112 non
972 3042 1058 3116 satis

68 3155 154 3230 viam
172 3161 403 3234 extrahendo
423 3159 565 3234 calculo
589 3157 804 3256 patefecerit
824 3181 971 3230 necesse
986 3173 1057 3250 est,

71 3280 238 3368 quoniam
257 3279 436 3375 magnavi
455 3299 610 3374 parvum
623 3274 784 3372 lapidem
800 3274 925 3344 eduxit
942 3303 951 3346 :
972 3301 1057 3372 qua·

71 3394 232 3467 mobrern
254 3420 338 3466 curn
356 3395 521 3493 pernicie
538 3391 576 3462 id
596 3393 731 3464 accidit
752 3391 854 3488 quod
874 3391 1072 3488 Celsus(2).

71 3514 223 3596 monuit,
241 3527 283 3584 ut
301 3511 465 3584 calculus
483 3515 573 3594 iter,
593 3533 675 3580 cum
701 3513 744 3580 vi
754 3514 963 3606 promitur,
985 3514 1056 3600 fa·

73 3629 153 3719 ciat,
172 3635 245 3700 nisi
259 3635 439 3727 accipiat,
464 3629 591 3722 sicque
614 3629 682 3698 etsi
702 3628 750 3700 in.
766 3628 891 3723 pueris
913 3624 1056 3702 facilius

72 3804 1055 3832 -.....-...-.-..-.-.----.-.-......,-..

106 3909 145 3989 (1)
165 3913 202 3970 N.
229 3931 274 3968 ro.
567 3959 569 3965 A

106 4009 144 4090 (a)
165 4015 209 4070 De
221 4011 326 4070 medic.
338 4013 359 4068 l.
373 4031 401 4084 7,
415 4029 441 4068 c.
455 4007 507 4082 26,
526 4029 549 4067 s.
563 4027 591 4066 a.

139 4110 170 4186 5.
