2790 4668
269 439 339 530 493
423 433 643 506 pulsemus
669 459 712 506 ar
740 457 865 507 crusis
891 460 1100 507 moruorum

267 570 716 670 prolepsuantiquissima
735 572 908 668 dogmata
926 574 1006 670 ipsa
1023 597 1176 670 quoque
1195 595 1284 668 per·

212 735 215 742 -
253 705 470 786 negarent,
482 705 539 776 et,
557 690 661 787 quod
677 692 794 788 magis
809 695 947 761 mirum
964 705 1038 779 est,
1056 675 1200 786 aliquot
1217 713 1285 758 ce-

189 889 195 918 Ι
268 804 392 882 lubres
405 809 600 903 utriusque
619 807 717 878 illius
734 806 919 879 facultatis
936 823 973 878 et
988 806 1178 878 medicinae
1201 830 1287 876 ma-

270 922 404 1019 gistros
420 923 576 994 asseclas
595 947 683 994 suos
696 921 885 1008 facerent,
901 939 937 995 et
951 923 1232 1021 astipulatores,

284 1095 288 1104 ,
320 1043 463 1132 leam
485 1055 634 1112 uterum
659 1041 835 1138 quidem,
864 1042 1063 1138 superstite
1093 1039 1287 1127 muliere,

270 1181 547 1256 nonnunquam
567 1159 855 1229 extraordinario
884 1174 921 1230 et
936 1164 1082 1229 rariore
1098 1182 1184 1228 casu
1214 1181 1285 1228 ex·

272 1273 390 1346 cisum
410 1299 507 1364 esse,
522 1301 679 1348 curnon
693 1277 818 1374 potius
838 1301 923 1348 cum
941 1277 1104 1374 Georgio
1123 1271 1286 1372 Wolffg.

273 1392 512 1488 Wedelio(1)
531 1393 698 1466 dicamus
713 1448 736 1482 ‚.
751 1419 866 1492 quam
887 1417 1082 1490 nunquam
1108 1377 1193 1462 cum
1225 1397 1286 1462 J0.

223 1550 227 1556 ·
274 1509 475 1590 Guilielmo
506 1511 609 1582 Pauli
635 1511 710 1608 (a),
737 1510 846 1582 docte
873 1511 1130 1612 alioquinhac
1159 1507 1207 1580 de
1245 1535 1288 1582 re
1391 1591 1392 1606 χ

275 1624 508 1706 disserente?
541 1629 659 1700 Nimis
690 1629 790 1699 enim
814 1627 962 1699 durum
979 1627 1128 1697 videtur
1152 1625 1197 1696 de
1229 1641 1291 1697 tot
1391 1643 1392 1710 l

259 1747 341 1840 ‚qui
359 1745 451 1824 illud
474 1744 582 1820 absc
595 1808 598 1814 .
610 1743 748 1817 factum
766 1801 775 1836 ,
806 1760 1098 1843 conspectumve
1125 1745 1291 1840 scripse·

274 1877 383 1946 runt,
404 1887 536 1950 omues
553 1847 731 1961 decepdos
748 1864 1012 1961 pronunciare.
1029 1866 1137 1932 Certe
1155 1875 1289 1931 autem
1391 1927 1392 1940 ,

276 1979 422 2060 εὶεάίῑε
442 1995 533 2066 tuuc
558 1978 707 2080 suisset,
737 1980 864 2050 autad
895 1981 977 2074 ejus
994 2001 1289 2074 manushperve-

275 2097 392 2190 nisset
409 2097 586 2193 Slevogtii
602 2097 813 2170 observatio
833 2095 904 2193 (3),
924 2083 1022 2175 hauc
1045 2094 1175 2166 saltem
1202 2119 1287 2164 non

278 2237 384 2284 secus
403 2237 447 2284 ac
469 2213 555 2287 thr.
576 2214 826 2312 Vaterus(d)‚
844 2215 1057 2312 agnovisset
1085 2213 1192 2281 omni
1220 2210 1288 2282 de-

225 2421 226 2426 *
278 2332 450 2426 ceptione
464 2349 663 2404 carentem.
686 2337 864 2430 Magnum
888 2333 986 2402 enim
1004 2354 1178 2427 corpuse
1202 2353 1287 2398 mu-

278 2446 378 2519 lieris
410 2451 569 2522 naturali
611 2465 827 2538 exsectum,
869 2473 956 2521 cum
992 2447 1285 2519 excrescentium
1392 2473 1393 2506 1

278 2589 356 2649 csse
370 2583 527 2664 putaret
547 2569 775 2666 Slevogtius‚
796 2584 833 2640 et
852 2592 872 2637 a
891 2565 1066 2638 sordibus
1086 2556 1286 2662 purgaret3
1392 2555 1393 2638 ζ

277 2699 412 2780 praeter
450 2687 669 2784 opinionem
706 2685 981 2783 deprehendit,
1017 2683 1135 2754 thecae
1169 2683 1287 2753 instar

278 2825 406 2888 crassae
424 2817 572 2875 uterum
598 2825 684 2874 cum
702 2803 881 2873 tubarum
901 2802 1071 2898 reliquiis
1089 2801 1284 2870 continere

279 2920 488 2998 secundum
509 2936 679 2994 naturam
697 2920 950 2992 sehabeutem
965 2946 972 2987 :
990 2943 1073 3016 quse
1093 2922 1285 2988 Genenses

278 3035 525 3132 professoreS‚
546 3053 591 3114 et,
609 3037 746 3111 medici
770 3035 1045 3136 pleriqueialii‚
1068 3049 1106 3106 et
1130 3032 1281 3104 studiosi

279 3170 430 3227 centum
453 3179 699 3253 conspexere:
719 3155 855 3226 mulier
879 3170 1003 3224 autem
1036 3151 1099 3221 illa
1131 3151 1282 3222 feliciter

233 3257 238 3268 ¹
279 3285 333 3342 est
349 3273 528 3354 restituta.
544 3271 661 3364 ¹Quod
674 3274 704 3343 si
723 3296 783 3342 me
803 3270 1044 3370 interpelles,
1062 3268 1281 3366 quaerendo,

279 3413 346 3474 cur
361 3415 486 3487 neque
499 3389 617 3478 hanc,
634 3413 759 3486 neque
774 3389 883 3460 aliam
901 3387 1066 3485 aliquam
1077 3401 1142 3456 aut
1154 3409 1281 3484 magna

338 3711 361 3790 ι)
383 3715 507 3770 Dissert.
522 3713 559 3768 de
571 3712 687 3786 procid.
704 3711 803 3780 uteri,
819 3729 844 3766 c.
864 3716 891 3775 l..

334 3812 363 3890 a)
384 3817 489 3887 Progr.
506 3811 597 3867 addit.
615 3812 684 3867 diss.
704 3809 863 3888 Schacheri
878 3809 914 3866 de
925 3809 1069 3884 placentae
1085 3807 1209 3864 morbis.

334 3911 363 3991 3)
385 3912 455 3970 vid.
470 3912 502 3966 in
514 3913 593 3968 calce
606 3912 671 3967 obs.
684 3913 752 3968 Von
765 3911 884 3968 Sanden
896 3910 932 3964 dc
943 3909 1090 3984 prolapsu
1100 3908 1188 3963 uteri.

334 4014 363 4092 t)
384 4013 510 4070 Dissert.
526 4011 563 4068 de
585 4029 709 4070 sarcum.
725 4031 740 4067 e
754 4009 896 4088 pudendo
904 4008 1042 4068 muliebr.
1051 4018 1081 4065 ct
1094 4018 1157 4066 caet.
1173 4007 1241 4064 thes.
1253 4022 1275 4076 7.

320 3714 330 3792 l

321 3813 331 3892 l

319 3913 332 3988 l

319 4013 331 4093 l
