2810 4668
151 520 219 568 tin.
246 521 302 567 111.
331 522 387 581 nn,
403 521 538 570 uonms
557 522 724 588 vaurms,
750 525 861 574 misr.
888 527 1000 574 xivu.
1029 503 1099 603 593,

100 617 350 737 proveniant,
372 644 487 724 ¹num,
518 637 693 732 inquam,
721 637 875 710 tardiori
896 640 1101 738 aliquando

49 805 50 808 ,
101 754 201 824 uteri
226 755 460 824 incremento
483 753 695 826 adscribere
716 772 897 852 oporteat.
920 761 1103 842 Novimus

101 870 425 970 generosissimam
439 871 638 968 virginem,
656 875 700 944 in
711 898 863 960 earum,
879 902 972 974 quas
986 878 1103 952 modo

101 988 367 1088 indicavimus,
390 1013 592 1060 numerum
614 987 867 1082 referendam,
890 1019 972 1103 quae
987 1012 1105 1094 nupta

101 1120 306 1204 antequam
325 1130 488 1194 menses,
514 1131 634 1178 annos
652 1107 797 1205 aliquot
817 1113 1020 1208 expectati,
1041 1139 1106 1212 ap·

102 1239 298 1321 parerent,
314 1220 591 1297 foecundissima
609 1240 733 1316 tamen
750 1224 967 1325 sciuntque
983 1231 1022 1305 id
1039 1233 1108 1302 mi-

102 1365 177 1412 nus
193 1341 434 1430 miraremur,
452 1341 582 1412 eadem
596 1367 751 1439 prorsus
765 1344 845 1439 ejus
860 1371 1015 1443 quoque
1029 1331 1109 1420 ma-

55 1499 65 1513 =
102 1460 154 1530 tri
185 1459 429 1556 contigerant.
457 1460 645 1532 Nimirum
673 1462 786 1534 satius
805 1477 875 1551 est,
896 1465 1000 1560 quod
1016 1481 1110 1539 tunc

103 1557 284 1664 fecimus,
305 1574 370 1647 ubi
390 1577 538 1676 egregie
557 1577 713 1666 valent,
726 1594 941 1676 expectare,
963 1596 999 1652 et
1014 1583 1111 1660 nihil

104 1719 278 1781 movere,
294 1719 342 1766 ne
362 1694 469 1792 operi
486 1692 590 1790 quod
606 1709 738 1766 natura
754 1695 897 1770 tardius
916 1698 1110 1794 aliquanto

104 1809 272 1911 perficit,
290 1835 436 1881 moram
454 1808 549 1883 forte
570 1813 708 1886 nostris
724 1813 1112 1910 intempestivisauxi·

106 1931 166 2002 liis
181 1927 393 2008 afferamus.
647 1918 654 1930 ’

159 2053 193 2134 4.
220 2048 336 2144 Virgo
363 2047 494 2134 altera,
507 2053 508 2058 ’
520 2049 660 2142 multos
676 2049 753 2146 jam
773 2073 893 2122 annos
912 2053 1113 2126 menstruis

108 2153 242 2236 carens
262 2165 569 2262 purgationibus,
591 2167 733 2264 diuque
754 2168 945 2240 ulceribus
967 2170 1006 2238 in
1023 2168 1113 2240 tibia

107 2262 255 2370 iexata,
272 2279 451 2354 tabefacta
462 2285 583 2382 periit.
600 2289 643 2354 ln
657 2284 810 2355 thorace
824 2301 860 2356 et
870 2301 1001 2358 ventre
1017 2303 1116 2384 stag,-

108 2398 225 2483 nabat
251 2424 359 2496 aqua.
389 2403 514 2472 Testes
541 2401 621 2472 siue
646 2401 731 2492 ullis
748 2400 941 2491 vesiculis,
964 2418 1001 2472 et
1022 2402 1116 2474 sub-

110 2519 244 2590 stantia
254 2517 475 2592 constabant
486 2517 641 2590 subalba
657 2517 704 2588 ad
722 2521 932 2614 pancreatis
949 2520 1116 2598 similitu-

110 2636 256 2723 dinem,
275 2635 339 2708 sed
355 2636 539 2708 molliore.
559 2640 605 2706 ln
625 2637 723 2707 uteri
740 2636 912 2708 interiori
929 2634 1021 2711 facie
1038 2659 1118 2707 cor·
1140 2633 1144 2642 “

109 2778 205 2852 pora
230 2752 449 2850 glandulosa
485 2751 786 2851 protuberabant
820 2753 1116 2850 quamplurima,

110 2871 185 2942 nisi
201 2869 305 2967 quod
325 2872 365 2940 in
386 2894 534 2943 summo
554 2868 697 2952 fornice
713 2894 833 2967 pauca
850 2886 967 2940 erant.

165 2986 197 3059 5.
209 2991 265 3064 En
280 2987 496 3085 exemplum
508 2987 667 3059 alterum
684 2987 788 3084 quod
800 2987 955 3072 medicis
965 2987 1118 3083 quibus*

115 3105 202 3176 dam
231 3103 388 3199 objicias
415 3105 526 3177 nimis
555 3103 867 3202 properantibus,
899 3117 942 3174 ut
970 3125 1117 3176 menses

115 3224 249 3296 cicant.
269 3225 356 3294 Neu
375 3238 552 3320 reputant
571 3223 731 3310 scilicet,
751 3247 865 3320 quam
885 3222 994 3292 variae
1011 3237 1048 3292 et
1062 3223 1118 3301 in-

116 3323 175 3414 ter
192 3365 229 3415 se
244 3339 499 3440 discrepantes
513 3365 630 3412 causae
645 3365 723 3412 esse
737 3341 882 3437 possint
896 3363 963 3409 cur
975 3337 1028 3409 illi
1041 3363 1119 3410 non

116 3458 249 3544 fluant,
263 3472 300 3529 et
313 3459 497 3530 continuo
509 3457 556 3528 ad
570 3482 611 3528 ea
624 3456 832 3538 decurrunt
841 3481 923 3552 quae
932 3470 1120 3542 moveant,

118 3559 225 3674 quasi
251 3589 381 3646 uterus
408 3575 487 3674 ipse
515 3575 601 3646 satis
621 3589 769 3671 paratus
793 3596 940 3669 semper
960 3589 1054 3646 esset
1074 3574 1121 3646 ad

119 3695 316 3796 incitatum
354 3693 575 3790 sanguinem
616 3689 956 3776 transmittendum.
992 3695 1121 3788 Itaque

106 3799 222 3915 'haud
236 3835 321 3880 raro
335 3811 414 3882 vitii
427 3834 575 3892 causam
593 3824 750 3907 augent,
762 3833 839 3892 non
856 3808 1004 3880 tollunt.
1019 3812 1123 3888 Pros-

122 3950 216 4034 We,
243 3927 384 4030 cedunt
403 3929 474 4024 illa.
504 3930 542 3998 in
572 3928 781 4026 plerisque,
802 3924 874 4036 'ubi
901 3928 1125 4022 sanguisest

123 4039 383 4218 visei⁵dus,aut
399 4045 447 4119 ab
459 4046 574 4119 nimia
589 4046 661 4119 seri
676 4045 783 4144 copia
797 4045 898 4116 iners
907 4096 931 4211 ,3
932 4041 1124 4210 {bundare

224 4191 235 4215 .
