2746 4674
275 417 340 490 172
437 417 482 464 DE
509 415 654 464 sumnus
679 415 723 462 ET
749 410 873 462 CAUSIS
898 413 1107 463 Monnoutut

268 528 482 600 Ludovicus
496 533 684 602 Mercatus
696 527 751 626 (1)
770 527 807 598 id
830 551 946 626 genus
960 543 1001 598 ut
1014 526 1282 624 frequentissi-

269 671 373 718 mum
389 647 600 735 inculcant,
622 661 658 718 et
680 649 709 718 si
732 645 846 718 velles
867 643 1004 716 addere
1032 671 1116 743 quae
1145 660 1282 743 postea
1365 650 1366 661 ’

6 783 13 808 t
137 831 146 849 ,
268 765 308 834 in
328 769 498 837 Caesareae
517 763 720 836 Academiae
739 762 1279 861 voluminibus(2)prodiere,
1365 798 1366 851 ῃ

268 882 411 952 nullam
433 880 538 952 facile
564 873 752 954 invenires
767 907 849 978 quae
866 881 912 951 ad
929 879 1029 950 idem
1050 905 1169 977 genus
1190 905 1278 950 non
1365 956 1366 965 ¹

268 1013 472 1095 spectaret,
494 999 649 1071 renibus
673 998 846 1071 videlicet
864 997 1051 1070 ambobus
1076 1013 1141 1070 aut
1158 997 1278 1096 spha-

268 1115 350 1188 celo
369 1119 572 1215 correptis,
585 1131 666 1204 aut,
683 1115 788 1214 quod
803 1115 913 1188 etiarn
924 1115 1151 1214 Rudolphus
1163 1120 1276 1186 Jaco-

266 1229 337 1303 bus
350 1235 583 1306 Camerarius
602 1233 659 1331 (3)
677 1232 793 1318 vidit,
816 1233 967 1304 insolita
984 1231 1206 1304 ssacciditate
1234 1245 1277 1304 et

267 1351 393 1421 atonia
414 1347 574 1441 affectis,
590 1365 654 1423 aut
678 1350 822 1422 calculo
843 1347 1028 1436 infarctis,
1049 1365 1112 1420 aut
1132 1351 1162 1420 si
1177 1350 1275 1420 alter
1365 1342 1366 1355 ¹

267 1475 347 1538 non
371 1467 505 1541 eodem
528 1468 716 1540 laboraret
734 1469 845 1557 vitio,
863 1483 900 1538 at
918 1482 1185 1566 consumptua,
1211 1467 1275 1536 in-

267 1589 478 1682 officiosuS,
495 1608 559 1664 aut
571 1618 640 1665 suo
656 1607 803 1664 uretere
826 1591 956 1664 sabulo
975 1607 1012 1664 et
1030 1591 1183 1663 calculis
1198 1592 1273 1661 im-

267 1708 405 1807 pedito.
436 1711 597 1781 Alterius
624 1726 749 1781 autem
775 1710 941 1808 generis,
964 1709 1003 1780 id
1034 1725 1089 1780 est
1116 1709 1198 1780 lotii
1218 1707 1271 1778 ob
1365 1740 1366 1811 5

265 1827 380 1897 unius
404 1826 584 1898 duntaxat
605 1826 729 1898 lateris
752 1828 884 1898 vitium
902 1827 1113 1925 suppressi,
1137 1825 1272 1897 obser-

264 1941 432 2015 vationes
449 1945 488 2013 in
508 1943 616 2015 citata
633 1943 870 2042 Sepulchreti
886 1944 1052 2015 sectione
1064 1943 1111 2014 ad
1128 1965 1270 2041 paucas

265 2059 444 2147 redeunt,
459 2075 494 2131 et
504 2086 549 2132 eo
564 2061 759 2158 pauciores
775 2060 879 2158 quod
894 2063 1036 2159 aliqua,
1050 2076 1093 2133 ut
1102 2085 1185 2158 quae
1196 2058 1269 2132 suh
1365 2130 1366 2139 ,

178 2207 180 2212 ·
266 2173 527 2248 observatione
543 2182 560 2248 Ι
578 2178 714 2276 legitur
730 2179 755 2270 S
773 2203 839 2276 19,
857 2203 958 2267 uon,
976 2193 1019 2250 ut
1037 2179 1199 2276 aprimo
1211 2177 1268 2248 vi·
1365 2172 1366 2187 ¹

264 2290 394 2381 detur,
413 2308 557 2394 spectat
571 2293 618 2366 ad
632 2294 706 2366 hoc
722 2318 862 2392 genus:
881 2294 987 2392 quod
1002 2295 1179 2393 praeclare
1195 2293 1268 2366 do-'

265 2407 365 2506 cebit
383 2409 513 2482 eadem
537 2411 694 2484 historia
715 2437 794 2484 non
815 2411 930 2483 modo
949 2411 1114 2484 sectione
1134 2415 1265 2500 XXII,

263 2507 407 2597 oliserv.
424 2529 531 2615 XIII,
545 2531 570 2622 §
587 2555 600 2599 1
617 2556 626 2617 ;
646 2529 710 2601 sed
723 2532 833 2602 etiarn
845 2530 885 2600 in
899 2529 969 2600 hac
979 2532 1059 2628 ipsa
1074 2527 1222 2601 observ.
1236 2532 1266 2616 Ι,
1365 2504 1366 2568 i

262 2643 341 2734 34,
360 2643 507 2741 plenius
521 2647 736 2744 proposita3
752 2662 794 2718 ut
808 2671 887 2717 non
898 2643 1027 2718 fuisset
1040 2669 1157 2744 opus,
1173 2670 1265 2744 praa·
1365 2708 1366 2773 p

263 2761 389 2831 sertim
399 2761 567 2834 mutilata
577 2765 730 2852 iterare,
748 2789 795 2836 ne
810 2763 930 2835 dicam
945 2765 1096 2835 tertium
1110 2777 1265 2861 etquar·

262 2893 343 2950 tum
365 2893 559 2978 repetere;
587 2905 675 2951 nam
695 2906 777 2979 quae
796 2880 1057 2952 observatione
1091 2879 1222 2952 eadem
1245 2885 1263 2952 I
1365 2866 1366 2957 i

262 2994 507 3084 exhihentur,
529 2999 619 3091 §20
640 3014 676 3069 et
696 3025 762 3086 αα,
786 2999 1047 3095 quantumvis,
1066 3021 1135 3096 per
1158 3000 1263 3072 incu·
1365 3026 1366 3053 ¹

259 3113 354 3183 riam
371 3114 524 3186 nomine
543 3129 581 3187 et
600 3115 746 3186 dierum
759 3139 920 3187 numero
931 3127 1096 3205 mutato,
1114 3115 1194 3187 aliae
1204 3117 1259 3186 vi·
1365 3070 1366 3157 i

1365 3408 1366 3445 i

297 3449 342 3528 (ι)
362 3442 435 3536 <as-
454 3470 490 3526 α,
506 3457 521 3524 s
538 3473 563 3510 ι.

300 3546 342 3628 (a)
364 3553 435 3608 Dec.
458 3552 492 3623 3,
507 3559 543 3610 A.
557 3560 589 3625 4,
604 3553 669 3610 obs.
686 3552 742 3624 60,
756 3554 811 3625 Δγ
828 3565 856 3610 et
870 3553 908 3624 83
927 3553 992 3610 obs.
1009 3559 1079 3625 147,
1102 3565 1131 3610 et
1142 3556 1210 3630 A.9
1230 3565 1260 3612 et

137 3644 159 3672 '²
261 3669 314 3720 ιο,
327 3650 391 3706 obs.
405 3647 444 3725 95
458 3661 487 3705 et
500 3663 575 3708 cent.
588 3650 621 3722 5,
636 3654 703 3708 obs.
717 3671 771 3725 aa,
784 3663 860 3711 cent.
873 3650 988 3724 δμὼς.
1003 3650 1041 3710 ⁵5
1053 3663 1083 3710 et
1095 3652 1147 3728 56,
1161 3664 1261 3712 etact.
1365 3632 1366 3707 i

259 3759 332 3807 tom.
347 3769 363 3805 a
377 3751 522 3825 append„
539 3770 568 3806 n.
583 3751 620 3823 3,
637 3763 666 3808 et
678 3763 750 3808 tom.
765 3753 782 3810 3
796 3753 828 3817 in
840 3754 904 3808 obs.
919 3753 948 3809 6.
1365 3822 1366 3835 χ

300 3848 343 3928 (3)
364 3849 491 3926 Sp'ecim.
518 3852 660 3928 experim.
683 3853 762 3910 circa
783 3862 912 3930 generat.
936 3863 1015 3930 part.
1037 3853 1202 3930 therapeut.
1225 3853 1259 3910 in
1365 3864 1366 3889 ¹

257 3951 378 4008 resolut.
390 3949 460 4008 hist.
477 3952 506 4010 3.
