2810 4668
166 465 235 512 nia.
260 465 319 527 111.
347 465 394 512 nr
419 464 878 534 nonorsvrurars‚rr1sr.
905 471 1016 519 xnvn.
1044 449 1116 523 605

113 579 241 650 nistrae
265 575 363 648 tubae
384 577 492 649 latius
514 553 722 650 extremum
748 577 926 653 deorsum
955 598 1117 657 tractum

114 694 363 766 animadverti
387 693 434 765 ab
451 693 648 792 hydatide,
665 697 814 767 acinum
835 722 914 768 uvae
932 701 1115 796 majorem

113 826 307 910 aequante,
322 813 453 908 quaein
468 812 828 909 attiguaincreverat
839 830 945 912 parte
961 817 1026 887 alac
1040 843 1117 891 ves·

110 929 335 1027 pertilionis.
353 929 424 1000 Sed
439 953 481 1001 ea
495 929 733 1026 grandiorem
750 930 967 1028 hydatidem
993 934 1040 1006 ab
1060 937 1114 1007 al-

108 1047 229 1118 terius
251 1047 353 1118 testis
385 1045 605 1118 membrana
627 1046 831 1144 pendulam
861 1045 973 1123 fuisse
1004 1054 1115 1124 intel·

110 1164 186 1235 lexi
203 1189 247 1234 ex
261 1162 499 1235 submtundo
519 1163 762 1261 corpusculo,
777 1165 881 1262 quod
894 1169 963 1239 etsi
974 1185 1054 1240 erat
1073 1172 1114 1240 in

110 1305 151 1353 se
184 1285 442 1366 contractum,
468 1282 566 1352 intra
592 1281 791 1354 crassiores
818 1297 943 1354 tamen
970 1287 1118 1359 tunicas

109 1397 433 1470 modicumetiam
457 1413 538 1470 tum
565 1423 699 1470 cavum
729 1399 917 1488 servabat,
938 1417 975 1472 et
1002 1402 1113 1476 abeo

108 1530 204 1587 teste
229 1514 429 1613 pendebat.
455 1520 499 1586 In
520 1539 598 1612 quo
624 1539 783 1614 corpora
799 1514 878 1586 duo
897 1533 1004 1589 erant
1024 1543 1114 1590 con·

108 1631 186 1704 dita
205 1631 456 1720 subrutunda,
480 1630 638 1704 alterum
653 1633 773 1705 altero
791 1633 938 1728 majm,
965 1647 1113 1705 utruma

107 1773 183 1848 que
209 1763 335 1821 autem
359 1773 405 1821 ex
427 1750 535 1846 nigra
561 1751 688 1822 tunica
712 1747 870 1840 factum,
895 1765 932 1822 et
959 1776 1004 1822 ex
1019 1753 1111 1823 bon-

107 1867 213 1940 cluso
230 1867 394 1966 quodam
409 1869 517 1964 quasi
527 1869 718 1965 sanguinis
735 1893 887 1966 grum0,
903 1866 978 1939 rufi
986 1885 1111 1942 tamen

106 1985 256 2057 coloris.
275 1985 393 2056 Testis
412 1983 506 2055 alter
533 1983 642 2056 binas
660 1986 818 2082 pariter,
837 1985 1053 2083 inaequales,
1074 2002 1111 2060 et

106 2127 153 2174 ex
164 2105 271 2202 nigra
282 2103 410 2174 tunica
429 2117 685 2190 constructas,
704 2102 923 2174 continebat
941 2103 1108 2194 cellulam

106 2219 173 2292 sed
188 2221 329 2292 inanes.
350 2223 490 2290 Parvus
507 2235 586 2292 erat
604 2235 753 2308 uterus,
780 2233 817 2293 et
842 2245 887 2292 ex
904 2221 1107 2320 parietibus

105 2353 281 2410 constans
304 2361 424 2435 parvae
460 2337 724 2408 crassitudinis.
752 2337 840 2432 Ejus
863 2336 969 2410 fundi
998 2363 1108 2438 supe·

103 2455 185 2526 rior
197 2479 284 2552 pars
295 2469 408 2525 totaa
427 2453 640 2550 conspicuis
655 2451 875 2550 sanguiferis
891 2456 987 2526 vasis
1005 2457 1107 2530 intus

104 2571 276 2645 rubebat.
307 2575 401 2642 Cum
428 2593 603 2658 mucum,
632 2568 841 2641 secundum
870 2585 1042 2642 naturam
1068 2598 1106 2645 se

103 2688 323 2778 habentem,
333 2689 431 2760 uteri
443 2687 634 2775 oscu10,et
646 2687 824 2786 proximae
834 2690 989 2760 cervicis
1000 2706 1105 2786 parte

102 2805 385 2895 abstersissem,
433 2805 721 2903 comprimendo
759 2803 977 2877 inferiorem
1010 2811 1106 2879 uteri

102 2923 282 3014 fundum,
312 2927 495 2998 cervicem
524 2940 561 2997 et
588 2925 707 2997 osculi
732 2925 871 2997 uterini
899 2946 1122 3026 coronam,—

101 3041 258 3142 prodire
279 3068 324 3114 ex
342 3043 401 3115 his
431 3043 523 3114 locis
543 3041 743 3130 omnibns,
771 3058 807 3113 et
828 3041 1003 3116 ordinate
1023 3046 1107 3141 qui·

101 3160 211 3250 dem,
228 3159 305 3230 vidi
329 3149 453 3232 albam
477 3160 758 3232 crassiusculam
785 3161 999 3249 materiam,
1023 3186 1105 3258 quae

100 3278 206 3350 unde
221 3277 328 3350 albus
341 3275 440 3349 fluor
452 3279 707 3374 provenisset,
726 3303 806 3348 non
816 3276 978 3349 obscure
992 3280 1104 3376 signi·

101 3392 238 3467 ficavit.

155 3513 208 3584 13.
227 3518 386 3592 Ceteras
406 3511 568 3584 historiae
588 3511 701 3607 hujus
713 3527 836 3608 partes
849 3535 894 3581 eo
907 3535 1102 3609 quospec-

97 3644 199 3719 tant,
215 3655 283 3729 per
309 3646 345 3701 te
364 3628 523 3718 referes;
545 3652 616 3700 uos
642 3631 743 3698 enim
768 3627 815 3699 de
842 3625 1101 3702 affectionibus

100 3747 242 3846 quibus
263 3748 309 3820 de
328 3747 416 3819 alibi
435 3749 522 3819 satis
541 3747 773 3843 scripsimus,
802 3745 1019 3817 bic-iterum
1034 3773 1102 3818 no·

99 3865 225 3936 lomus
252 3865 366 3936 verba
388 3863 519 3936 facere.
555 3865 647 3934 Satis
677 3879 733 3934 est·
756 3877 900 3958 partem
928 3862 1100 3935 ultimam

99 3970 270 4056 attendas
279 4005 297 4050 ε·
309 4006 432 4078 neque
445 3997 645 4079 propterea
658 3979 763 4076 quod
777 3981 968 4054 materiam
976 3980 1100 4054 albam
