2740 4670
134 462 202 508 ma.
229 459 285 506 m.
313 457 360 504 nr
386 455 521 536 nonnis
540 455 709 519 vaurms,
737 456 846 504 misr.
875 458 963 508 anu.
991 436 1056 519 321

69 578 154 646 riter
171 571 344 659 luerunt,
361 570 587 644 dissectione
601 583 644 640 ut
657 560 792 644 harum
813 570 924 658 vitia,
941 573 992 644 sic
1011 573 1063 648 lae

68 691 150 772 bem
178 689 321 761 nullam
353 712 429 783 qua
458 701 595 785 etquo
614 709 703 760 aens
726 688 922 786 transierat
939 705 1066 764 osten-.-

70 809 193 896 ‹lente,
224 822 262 885 et
291 804 394 902 quod
423 804 688 906 consequitur„
715 793 898 898 judicium
927 807 1066 884 confir,

70 941 189 1000 mante
206 923 348 1020 tot'qui
364 937 472 994 antea
494 920 865 1008 commendaverant,
885 923 949 994 sed
975 903 1066 999 tune
1112 995 1114 1006 ,

70 1042 119 1113 ibi
134 1041 288 1114 fortasse
306 1040 447 1118 nonita
462 1038 737 1111 omnibusnoti
753 1055 878 1127 erant,
897 1055 1069 1139 praestem

71 1162 158 1230 tium
178 1173 388 1230 auctorum.
409 1156 521 1245 Quod
538 1181 628 1227 vero
643 1155 688 1234 ad
710 1157 916 1228 sectionem
937 1141 1068 1236 attinet

71 1278 105 1348 in
121 1278 305 1373 perinaeo,
326 1297 404 1348 non
416 1273 632 1372 ignorabat,
651 1274 805 1370 opinor,
822 1275 1009 1365 Valsalva,
1028 1279 1067 1352 in

71 1419 132 1466 suo
144 1393 375 1466 Bononiensi
391 1391 584 1489 gymnasio
599 1407 793 1465 auctorem
806 1417 919 1488 quem
931 1419 1068 1492 seque-

70 1529 187 1608 retur,
207 1537 246 1584 se
264 1509 425 1596 habere,
444 1508 641 1586 Zecchium
653 1509 758 1596 dico,
777 1509 965 1594 melicum
977 1513 1068 1582 olim
1175 1555 1178 1562 -

70 1629 360 1716 nobilissimum,
380 1628 445 1723 qui
461 1625 507 1696 de
523 1651 565 1698 ea
582 1627 633 1698 sic
646 1626 693 1718 ad
705 1631 838 1698 Rotam
851 1611 1064 1729 scripsit(1l,

71 1763 107 1818 ut
118 1761 295 1845 appareat
314 1769 351 1817 se
369 1746 449 1841 ejus
464 1746 699 1814 inventorem
712 1741 829 1818 felicis
848 1746 975 1820 auxilii
995 1772 1068 1818 cre=
1130 1837 1134 1846 ¹

75 1865 216 1942 didisse,
233 1868 278 1937 Et
293 1865 463 1960 quamvis
482 1861 660 1935 Riolanus
672 1862 743 1958 (a),
759 1861 825 1932 ubi
840 1879 882 1933 ut
901 1864 1001 1934 illam
1015 1889 1071 1936 su

74 1984 254 2080 perierem
276 1981 541 2078 punctionem,
560 1980 610 2052 ita
631 1979 728 2052 hanc
747 2005 901 2078 quoque
920 1980 1070 2054 inferio·

75 2124 147 2172 rem
170 2087 378 2176 sectionem
408 2095 592 2184 dilaudat,
610 2096 809 2196 hancque,
835 2099 864 2170 si
882 2125 978 2198 opus
995 2115 1071 2184 est,
1155 2127 1156 2132 ¹

76 2219 176 2294 etiam
196 2215 246 2287 ad
261 2216 413 2314 perinaei
433 2215 546 2300 latus,
562 2216 601 2299 in
619 2241 695 2311 quo
715 2217 870 2288 asseclas
884 2243 985 2290 nunc
1003 2218 1070 2288 ha-

75 2333 145 2423 bet,
172 2337 239 2432 qni
266 2349 303 2404 et
329 2332 381 2403 ibi
410 2356 480 2406 acu
504 2332 634 2405 eadem
655 2359 729 2429 qna
758 2335 798 2404 in
828 2333 1070 2432 hypogastrin

75 2467 247 2540 utuotnr;
263 2452 450 2548 quamvis,
466 2451 643 2548 inquam,
657 2451 814 2524 Zecchio
835 2451 1005 2553 objiciat,
1032 2453 1070 2528 id
1116 2515 1118 2520 .

75 2572 248 2644 auxilium
267 2567 417 2646 medicis
432 2569 794 2664 Parasiensa'busjmn
808 2595 832 2638 (ι
845 2586 990 2642 centum
1005 2597 1071 2644 carr-s⁴

76 2694 124 2758 nis
142 2686 256 2762 fuisse
269 2688 469 2774 usitatum;
485 2686 663 2756 Zecchius
685 2701 977 2758 tamemcentum
1000 2687 1073 2762 illis

76 2808 177 2878 annis
192 2821 302 2890 ante,
318 2806 449 2900 junior
465 2802 617 2899 quidem
631 2778 731 2886 edat,
753 2802 818 2874 sed
835 2828 878 2874 ea
896 2819 1017 2888 etate,
1032 2819 1074 2876 ut
1180 2843 1182 2848 ,

76 2921 111 2994 id
135 2923 182 2995 ab
202 2939 334 2996 natura
354 2925 434 3020 ipsa
454 2920 595 3016 discere
625 2921 810 3017 potuerim
837 2920 883 2991 ab
911 2945 953 2994 ea
970 2922 1074 2993 enim

78 3039 244 3114 edoctum
263 3065 301 3113 se
318 3039 429 3126 dicit,
454 3062 540 3110 cum
557 3039 596 3108 in
620 3037 815 3112 calculosis
835 3036 1006 3134 disrupto
1027 3038 1074 3110 ad

78 3159 278 3253 perinaeum
295 3159 484 3242 abscessu,
498 3155 551 3227 ibi
567 3169 698 3252 sponte
714 3170 821 3238 nate,
838 3153 989 3227 vidisset
1014 3155 1077 3224 do·

80 3271 171 3344 lorea
182 3273 444 3372 molestiasque
463 3297 588 3347 ornnes
612 3279 650 3344 in
667 3278 776 3344 urina
792 3270 984 3377 reddenda
999 3297 1075 3350 ces-¹

80 3415 170 3464 sare.
990 3454 994 3464 .

128 3510 184 3606 37·
203 3507 300 3585 Illud
311 3508 487 3580 Valsalvae
506 3530 731 3602 responsum
746 3506 883 3602 dequo
898 3506 1078 3578 modoet..

84 3624 272 3712 cebamus,
288 3625 334 3701 ad
357 3625 554 3698 Insubrem
577 3623 797 3720 chirurgum
815 3639 888 3710 est,
906 3625 973 3719 qui
993 3626 1078 3720 aegri
1120 3657 1123 3664 ·

1064 3807 1070 3818 “

122 3910 165 3987 (1)
185 3913 318 3969 Consult.
332 3911 409 3968 med.
424 3910 471 3966 58.

124 4009 166 4088 (a)
186 4006 354 4067 Eucheirid.
371 4023 449 4066 anat.
468 4013 487 4066 l.
503 4027 535 4082 a,
555 4030 578 4064 e.
594 4009 641 4064 30.

154 4107 190 4188 5.-
