2790 4668
333 419 404 498 ⁵16
503 445 551 494 oa
575 445 721 495 sanrrus
745 445 790 495 rr
815 443 938 494 crusis
962 441 1169 493 moruncurt

328 557 434 648 bres,
460 571 499 630 et
528 557 673 656 aliquot
705 571 791 658 post
823 555 956 632 diebus
995 559 1156 655 priores-
1175 556 1225 628 illi
1255 583 1300 626 re·

330 673 414 750 dire
435 676 644 774 gravissimi
674 676 839 747 insultus
864 675 1080 772 coepissent,
1096 673 1174 746 sed
1198 671 1302 744 eader'r

331 791 499 892 quotidie
525 790 640 878 hora3
658 792 857 864 consilium
878 791 968 888 ,cepi
988 815 1072 878 eos,
1098 793 1129 862 si
1161 813 1300 887 possem,

329 912 834 1014 preverteudi.1taqueuna
857 927 942 984 ante
973 911 1074 982 illam
1101 909 1229 985 horula
1246 909 1300 978 lau·

331 1031 420 1104 dani
430 1029 817 1128 opintidiruidiatnm,
844 1027 947 1101 haud
962 1029 1143 1127 amplius,
1174 1047 1302 1125 grauun

331 1147 429 1222 dedi.
444 1146 578 1218 Nullus
592 1171 637 1217 eo
657 1146 717 1218 die
733 1146 917 1232 insultus,
936 1145 1066 1217 nullus
1083 1144 1227 1216 duobus
1244 1143 1300 1238 qui·

329 1263 402 1336 bus
416 1263 515 1336 idem
531 1264 710 1368 nutilium
725 1265 923 1362 repetitum
947 1277 1024 1350 est,
1048 1258 1300 1358 insequentibus

332 1379 477 1455 diebus.
512 1383 671 1472 Quarto,
694 1403 742 1452 ne
775 1379 866 1478 quid
890 1378 1144 1466 dissimulem,
1177 1375 1300 1448 morbus

330 1497 500 1579 remedio
531 1495 691 1568 validior
727 1495 817 1584 fuit,
851 1522 899 1570 an
935 1496 1040 1596 quod
1078 1495 1169 1570 huic
1186 1509 1300 1565 vnatura

331 1615 540 1691 assuessat?
557 1619 737 1686 Ceterum
758 1639 844 1686 cum
861 1615 922 1686 ille
942 1613 1071 1688 fnisset
1086 1613 1249 1698 brevior,
1260 1635 1301 1680 ne·

332 1757 416 1832 que·
434 1731 597 1830 amplius
614 1730 803 1818 rediisset,
826 1733 1004 1828 viresque
1033 1733 1160 1804 minus
1190 1727 1300 1800 afflicta

332 1849 610 1947 essent3.louge
638 1850 747 1920 citius
777 1863 890 1945 atque
918 1847 1062 1922 facilius
1083 1831 1197 1946 quam
1219 1867 1299 1941 supe·

332 1969 433 2042 riore
448 1991 569 2053 anno,
590 1955 942 2063 febrimprofligavi.

388 2111 441 2182 ¹9·
462 2089 539 2156 Cur
557 2082 738 2171 dixerim,
757 2107 805 2154 an
822 2083 927 2180 quod
946 2085 980 2156 ei
1006 2085 1179 2155 remedio
1200 2096 1301 2152 natura

334 2217 533 2287 assuesset,
555 2202 768 2299 exemplum
794 2202 954 2274 alterum
980 2201 1212 2274 nronstrabit.
1239 2203 1301 2270 Gra·

278 2305 282 2322 ”
335 2320 415 2393 cilis
425 2320 533 2415 virgo
547 2320 761 2390 contumaci
780 2318 925 2416 hepatis
936 2316 1092 2406 duritie,
1112 2313 1301 2391 et-cum'hac

336 2436 550 2532 cunjunctis
566 2451 622 2509 tot
647 2452 722 2506 tam
752 2436 881 2523 variis,
905 2451 947 2507 et
968 2452 1045 2508 tam
1063 2435 1243 2510 diuturnis
1264 2433 1301 2500 iu·

335 2553 545 2628 commodis
576 2553 767 2635 laborans,
804 2569 848 2628 ut
881 2553 1042 2626 credere
1062 2551 1188 2650 posset
1219 2571 1301 2622 neno

332 2673 433 2746 intra
453 2671 753 2744 adolescentiam-
763 2695 843 2742 non
862 2693 941 2742 esse
956 2675 1179 2768 perituram,
1193 2667 1300 2740 nedum

332 2791 381 2890 gad
398 2789 627 2886 decrepitam
642 2802 786 2860 atatem
800 2835 818 2868 ,ι
837 2813 960 2886 nuper
980 2791 1080 2860 enim
1094 2789 1217 2860 adhuc
1230 2785 1301 2855 rive·

334 2907 421 2996 bat,
441 2921 726 3004 perventuram,
744 2905 875 2977 iisdem
894 2907 1007 2978 anuis
1026 2905 1166 3002 quibus
1184 2905 1238 2976 illa
1253 2921 1303 2971 nn·

337 3040 466 3110 trena,
498 3048 521 3099 a
550 3047 610 3094 me
633 3038 724 3094 tunc
749 3021 951 3094 medicum*
971 3025 1010 3094 in
1034 3027 1160 3121 patria
1183 3033 1302 3119 agente,

335 3141 507 3240 quotidie
537 3137 815 3238 propemodum
848 3140 1087 3212 inmrisebatur
1126 3141 1198 3214 Ad
1206 3153 1303 3210 catera

334 3263 440 3340 enim
459 3257 601 3344 malas
592 3281 632 3327 rn
648 3256 786 3354 quibus
804 3255 925 3328 fuisse
934 3261 1089 3330 memini
1079 3259 1221 3330 multo
1235 3275 1304 3325 acer·

139 3415 145 3440 ι
222 3407 224 3412 ·
337 3377 465 3450 biores
483 3397 596 3472 quam
614 3375 853 3461 inmenens,
874 3373 1186 3473 dolorescapitis‚
1202 3389 1301 3445 etsan·

337 3490 1074 3590 guinemvelminushenequeminilla,
1087 3508 1303 3566 exnterorrs

252 3623 255 3630 '
335 3608 593 3712 pendentem,
611 3606 725 3680 febris
741 3622 948 3682 accesserat
962 3635 1045 3708 quae
1072 3627 1233 3710 tempore
1249 3627 1302 3674 ves

339 3727 491 3827 pertino
520 3749 606 3796 cum
632 3722 769 3822 frigore
794 3726 960 3823 quotidie
986 3727 1142 3802 redibat.
1171 3733 1219 3800 Eo
1241 3743 1300 3794 cun

340 3843 480 3942 frigore
497 3835 628 3939 postea
652 3845 765 3938 coepit
790 3868 921 3918 sensus
948 3833 1135 3944 angustiae
1154 3839 1301 3945 pectoris,

343 3978 380 4035 et
403 3959 659 4056 respirationis
685 3958 885 4035 difficultas
912 3963 1100 4060 ingruere.
1132 3967 1215 4057 Qun
1232 3961 1300 4028 intra
