2740 4670
170 469 239 517 mr.
267 469 321 516 111.
351 468 399 516 nr
425 465 744 532 nonrrsverrrus,
770 467 879 516 misr.
903 469 1004 517 xtrrr.
1033 445 1099 520 361
1168 447 1169 451 ’

96 583 279 669 dubites,
300 583 346 656 de
374 581 628 654 mediocribus
646 560 792 652 tantum
815 581 958 656 herniis
982 607 1030 654 an
1059 585 1106 658 de

97 703 254 799 magnis
268 699 695 798 quoque-consuluerit,
716 699 830 797 paulo
856 715 941 770 ante
967 701 1107 775 litteras

96 819 214 889 adse
234 819 363 890 missas
387 817 433 888 ab
456 843 533 888 uno
560 840 693 888 eorum
713 833 1003 906 memoraverat,
1031 819 1108 917 qui-

97 935 178 1006 bus
199 935 333 1006 litteris
347 933 483 1023 refert,
504 959 541 1006 se
560 935 598 1004 in
610 935 747 1006 ramice
759 941 904 1005 enormi
914 949 987 1006 tres
1001 937 1108 1008 intes·

48 1135 49 1138 Ἴ
97 1053 276 1122 tinorum
297 1053 466 1122 tenuium
488 1051 691 1122 ulnascurn
706 1052 879 1148 portione
894 1052 967 1123 coli
982 1053 1025 1123 iis
1037 1052 1109 1125 die·

96 1167 177 1239 bus
206 1169 399 1266 reperisse.
426 1167 537 1258 Quod
562 1169 593 1239 si
616 1169 776 1264 majores
805 1165 900 1238 forte
929 1171 1131 1267 requiris,
1170 1257 1172 1262 η

96 1286 335 1383 Hensingius
356 1300 489 1382 praeter
512 1284 618 1356 illum
647 1285 694 1356 de
719 1310 795 1381 quo
816 1285 958 1358 dictum
978 1301 1034 1358 est
1053 1312 1111 1360 su·

96 1427 172 1500 pra
192 1400 271 1498 (1),
291 1416 377 1472 octo
391 1403 653 1474 intestinorum
667 1402 793 1487 ulnas,
814 1426 936 1498 eoque
952 1405 1111 1502 amplius

97 1498 570 1607 continentem,'alterum
591 1517 694 1590 dabit
714 1516 808 1614 (2)a
831 1519 874 1588 cl.
900 1521 1111 1592 Hommelio

97 1649 329 1734 acceptum,
347 1636 413 1731 qui
440 1635 479 1704 in
505 1634 637 1705 bienni
667 1631 809 1706 infante
839 1635 1044 1732 procidisse
1069 1663 1113 1708 ex

95 1752 292 1824 umbilico
312 1750 404 1824 vidit
426 1757 553 1822 omnia
572 1758 716 1822 viscera
732 1751 929 1851 chylopoea
940 1807 951 1840 ,
972 1759 1114 1852 perito-

98 1894 193 1942 nceo
213 1893 291 1939 non
309 1884 441 1966 rupt0,
459 1867 528 1938 sed
539 1867 817 1951 tantummode,
836 1883 878 1940 ut
890 1872 1115 1968 Hensingius
1217 1879 1220 1893 ’

98 2011 267 2085 quoque
287 1988 327 2056 in
344 2011 412 2058 suo
428 1999 699 2083 conspexerat,
719 2001 871 2057 extenso
891 2001 1005 2085 atque
1020 1989 1078 2058 rel
1100 2027 1118 2045 -
1160 2043 1163 2048 .

98 2119 215 2188 nato.
239 2108 394 2189 Etente
411 2103 495 2174 illos
519 2107 672 2200 Mery-us
694 2103 747 2200 (3)
772 2103 812 2172 in
833 2105 984 2176 sinistro
1005 2107 1118 2178 scroti

104 2223 231 2292 latere
251 2221 446 2317 cujusdam
468 2221 587 2308 senis,
604 2219 650 2291 ad
663 2231 915 2292 monstrosam
931 2225 1118 2320 magnitu-

101 2339 241 2410 dinem
255 2335 502 2436 amplificato,
522 2362 659 2409 caecum
673 2339 812 2436 reperit
828 2363 912 2410 cum
925 2341 1036 2411 initio
1046 2340 1133 2422 coli·

102 2483 152 2528 eo
166 2511 173 2518 .
186 2470 424 2553 protractum
445 2480 465 2525 a
485 2454 662 2526 tenuibus
688 2455 894 2548 intestinis,
928 2481 1008 2552 quae
1030 2458 1119 2532 illuc

103 2574 242 2644 omnia
259 2583 366 2643 erant
380 2571 574 2670 prolapsa,
588 2569 777 2674 semipede
790 2594 971 2668 supremo
990 2597 1120 2672 excep-

103 2705 146 2761 to
170 2713 243 2786 per
259 2712 374 2784 quem
391 2687 643 2763 ventriculum
662 2711 816 2784 quoquc
832 2689 882 2761 sic
896 2687 944 2758 ab
958 2713 1023 2759 sua
1033 2689 1119 2762 sede

104 2809 387 2896 distraxerant,
404 2820 447 2877 ut
464 2820 564 2876 recta
579 2805 677 2874 linea
687 2802 734 2874 ab
748 2803 1029 2901 diaphragmate
1040 2830 1122 2876 ver·

109 2948 181 2996 sus
196 2920 378 3006 inferiora
391 2925 533 2994 ventris
547 2919 812 3008 descenderet;
826 2922 1057 3018 marsupium
1070 2935 1123 2992 ta·

108 3065 231 3126 men,
249 3063 315 3110 seu
330 3063 491 3110 saccuse
509 3040 714 3136 peritonaeo
731 3035 869 3125 lactus,
888 3037 1125 3112 intimehanc

111 3171 263 3228 tantam
280 3137 421 3248 mole'm
439 3152 773 3253 complectebatur.
799 3157 876 3226 Nec
896 3179 985 3225 vero
1005 3155 1125 3244 dicas,

110 3299 206 3346 cum
221 3277 371 3369 Meryus
383 3288 491 3344 antea
509 3271 619 3370 (Alex
638 3272 783 3367 virgine
797 3269 899 3342 haud
920 3295 1071 3368 parvam
1083 3272 1130 3342 il·
1165 3299 1172 3308 ·

111 3391 191 3462 lam
219 3387 392 3460 herniam
426 3389 641 3487 proposuit,
660 3411 743 3484 quae
771 3402 907 3485 praeter
936 3387 1028 3461 duas
1056 3389 1129 3460 coli

159 3708 204 3787 (1)
228 3714 265 3768 N.
288 3712 316 3768 3.

158 3810 206 3888 (a)
226 3813 274 3868 Ad
289 3816 304 3880 §
321 3811 394 3867 ibid.
414 3811 463 3868 eit.

162 3913 207 3988 (3)
229 3914 317 3966 Mem.
332 3912 368 3966 de
381 3912 494 3968 l’Acad.
509 3930 574 3986 roy.
588 3912 639 3968 des
653 3911 806 3981 Sciences,
820 3927 868 3965 an.
887 3927 973 3980 1701,
986 3907 1050 3964 obs.
1064 3905 1090 3964 ⁵.

162 4009 208 4086 (t)
228 4009 307 4068 lbid.
326 4010 389 4066 obs.
409 4017 436 4075 4.
