2740 4670
305 427 376 513 3114
461 449 508 496 nu
534 446 680 496 snnrrns
705 449 750 496 ur
775 447 900 498 cauus
925 450 1138 502 1101101111
1218 509 1223 518 ,

302 579 438 650 terent,
459 563 648 662 plerisque
662 562 733 661 pisi
753 559 875 634 forma
902 577 939 634 et
967 568 1235 664 magnitudine.
1254 573 1292 640 Et

302 685 369 781 qui
385 697 493 753 antea
514 678 634 750 iuerat
649 679 925 769 nominandus,
944 682 1134 756 Fabricius
1146 684 1291 756 Bartho-

299 802 397 873 letus
407 801 449 868 in
468 783 650 894 prostata,
667 812 708 867 ut
727 796 897 869 Rhodius
924 797 979 895 (1)
998 801 1146 890 retulit,
1173 802 1290 874 obser.

299 919 417 1002 vavit,
437 940 462 984 a
477 920 614 984 semine
631 929 774 984 retento
788 919 1077 1010 genitamfaisse
1093 919 1288 1002 calculum,

298 1038 519 1132 quovesicre
538 1032 724 1126 orificium
750 1039 1029 1128 comprimente,
1052 1041 1164 1105 urina
1183 1039 1291 1131 fluere

296 1153 415 1223 desiit.
434 1149 490 1220 Ab
506 1146 655 1218 Rhodio
679 1163 804 1218 autem
830 1163 866 1220 et
891 1148 1109 1223 Bartholino
1128 1151 1189 1249 (2)
1204 1153 1288 1224 hanc

256 1299 258 1304 ·
297 1269 599 1342 observationem
618 1265 936 1354 memorantibus,
957 1283 1088 1340 contra
1103 1273 1286 1368 utriusque

204 1477 208 1490 .
282 1383 629 1488 ,consuetudinem
658 1383 891 1454 mentionem
921 1387 1096 1460 omissam
1118 1391 1235 1460 miror
1252 1389 1287 1457 il·

248 1511 252 1520 '
297 1506 369 1576 lius
397 1503 651 1601 quamprimo
671 1500 759 1570 loco*
783 1526 828 1572 ex
850 1505 1002 1574 Donato
1027 1503 1284 1589 indicavimus,

297 1621 438 1695 nedum
459 1619 611 1690 alterius
624 1619 705 1714 quae
721 1616 822 1714 apud
837 1618 1014 1690 eumdem
1037 1624 1226 1696 Donatum
1242 1622 1285 1719 (3)

295 1755 367 1828 est,
392 1737 517 1837 lapilli
531 1735 667 1834 pusilli
690 1735 729 1804 in
756 1737 952 1806 Mantuani
978 1737 1115 1810 medici
1136 1756 1285 1838 prostata

293 1859 446 1930 inventi.
477 1852 547 1926 Sed
574 1868 611 1924 et
629 1856 837 1940 Terraneus
859 1852 917 1950 (4)
945 1854 992 1922 in·
1011 1878 1098 1927 sene
1127 1859 1283 1946 renibus,

292 1977 387 2046 liene
395 2029 408 2062 .,
415 1973 661 2071 pulmonibus
680 1968 886 2055 calculoso,
909 1969 1126 2044 observasse
1141 1999 1191 2046 se
1212 2001 1283 2044 nar-

293 2109 370 2180 rat,
385 2099 422 2162 in
440 2088 577 2159 tubulis
590 2102 848 2186 prostatarom
869 2102 907 2158 et
929 2113 1110 2160 vasorum
1129 2091 1279 2183 deferen-

294 2216 384 2290 tium
400 2205 456 2276 ad
474 2205 636 2276 oretlirce
645 2209 872 2302 principiam
889 2205 1179 2299 ejaculantibus,
1200 2233 1279 2306 par-

293 2349 355 2397 ros
374 2339 411 2393 et
429 2321 636 2419 inoeqaales
657 2307 840 2408 calculos,
860 2320 1069 2392 molestiam
1087 2338 1125 2393 et
1141 2323 1278 2423 impedi·

202 2470 203 2484 ¹
290 2456 453 2512 mentam
478 2455 555 2528 tam
579 2443 701 2507 urinae
728 2436 1027 2535 superlapsaroe,
1058 2454 1138 2510 tum
1168 2445 1280 2512 semim

290 2561 477 2655 ffuxaro
496 2558 704 2648 afferentes.
731 2558 776 2624 Et
789 2570 876 2625 ante
893 2557 1017 2652 ipsum
1041 2557 1082 2626 iu
1110 2581 1198 2630 sene
1218 2558 1276 2650 alio
1349 2545 1350 2550 ἵ

231 2705 247 2727 ··
287 2675 449 2749 Jacobus
465 2673 711 2771 Douglassius
728 2670 782 2768 (5)
802 2673 989 2744 invenisse
1013 2696 1051 2743 se
1075 2675 1201 2746 retulit
1219 2673 1274 2743 ali·

289 2809 381 2894 quot
391 2793 489 2862 dara
500 2789 721 2888 corpuscula
734 2845 743 2877 ,
758 2795 850 2888 pisis
861 2787 960 2860 albr's
973 2789 1130 2896 similia,
1150 2789 1276 2888 quoad
1347 2843 1348 2903 ,

286 2915 561 2992 consistentiam
587 2907 686 2978 dicto
711 2897 893 3004 corpori(
911 2908 949 2978 in
967 2908 1136 2980 mulieris
1160 2908 1274 2978 videli-
1346 2967 1347 2980 2

287 3045 344 3102 cet
360 3045 508 3100 tumore
535 3023 795 3121 deprehenso,
816 3023 919 3120 quod
948 3049 1038 3094 num
1059 3049 1204 3096 osseum
1226 3048 1269 3094 cs·

182 3194 194 3234 4
286 3161 423 3231 set,an
441 3141 649 3239 lapidosum
669 3141 795 3238 potius
814 3155 850 3212 et
869 3144 1146 3228 tartareum,iu
1160 3140 1267 3214 medio
1345 3115 1346 3197 i

285 3263 488 3358 reliquerat
508 3258 642 3356 (dicto
677 3259 792 3354 igitur
823 3261 977 3354 corpori
993 3258 1266 3356 respondentia,

797 3517 840 3550 'J
1008 3527 1011 3534 .
1342 3389 1344 3496 i

320 3597 363 3678 (1)
384 3601 468 3653 Cent.
487 3597 523 3664 3,
544 3594 608 3650 obs.
625 3595 702 3650 med.
721 3613 767 3664 27
906 3565 908 3570 Ι
974 3561 977 3566 ¹

352 3698 468 3773 )Cent.
484 3700 514 3804 i,
528 3693 613 3766 epist
628 3694 705 3748 med.
724 3693 752 3748 6

384 3898 426 3949 De
443 3833 542 3967 gland.
557 3911 582 3948 o.
598 3891 637 3946 5.

279 3979 358 4072 “’5)
380 3993 448 4048 Vid.
464 4003 519 4048 act.
539 3989 646 4048 erudit
659 3990 738 4066 Lips
753 4008 799 4046 au.
818 3959 944 4060 t7o71n
959 3991 1031 4046 febr.
1083 4005 1085 4012 ·
