2726 4676
279 430 351 508 236
444 454 490 504 nr
517 455 662 504 sumnus
685 455 730 501 nr
754 451 878 500 causrs
904 449 1110 500 norinorum
1169 487 1172 494 .

279 596 326 643 sae
342 569 547 669 hydatidis,
561 583 603 638 ut
617 569 776 664 opinor,
793 565 979 663 reliquiae3
993 569 1211 664 quanquam
1230 563 1285 634 ni·

199 735 201 740 .
222 743 227 752 .
277 685 333 758 hil
349 712 454 785 aquae
467 700 545 757 erat
561 685 658 754 intra
668 685 832 754 tunicam
849 683 1066 780 vaginaiem.
1078 684 1191 754 Renis
1205 697 1285 752 tan.

278 803 364 876 dem
391 808 586 899 utriusque
611 815 798 872 structura
824 801 955 871 intima
984 797 1142 872 confusa
1166 819 1284 897 appa-

278 922 377 992 ruit:
397 943 522 1014 neque
537 911 693 989 deerant
707 941 829 1015 parvae
850 917 990 988 cellulae
1012 917 1183 988 humoris
1200 915 1284 1014 ple·

278 1063 356 1118 nae,
376 1057 537 1132 quarum
551 1035 696 1132 aliqua3
713 1059 801 1105 nam
824 1049 963 1106 caeterae
978 1035 1171 1132 aliquanto
1189 1035 1284 1103 inte·
1303 1116 1305 1121 Ι

278 1156 398 1226 riores
423 1153 605 1238 latebant,
627 1179 670 1224 ex
694 1167 799 1250 parte
817 1177 854 1224 se
873 1153 913 1222 in
931 1150 1130 1250 superficie
1158 1167 1283 1222 osten-

278 1272 401 1344 debat.
421 1271 540 1341 Pelvis
551 1285 718 1366 utraque
738 1284 939 1367 postquam
960 1293 980 1340 e
1000 1267 1157 1340 renibus
1174 1291 1283 1364 aequo

279 1389 442 1486 amplior
461 1387 705 1468 descenderat
722 1387 768 1456 ad
781 1387 918 1483 digitos
931 1399 1163 1458 transversos
1176 1385 1285 1490 duos,

279 1508 319 1576 in
329 1513 514 1576 ureterem
535 1529 572 1576 se
592 1501 848 1576 contrahebat.
868 1502 1044 1576 Ufeteres
1063 1519 1189 1575 autem
1205 1525 1284 1572 me·

280 1623 343 1694 dio
354 1620 429 1695 fere
445 1622 764 1705 cursuabsoluto‚
782 1618 926 1691 fiebant
943 1620 1115 1706 latiores,
1135 1619 1285 1691 sinister

280 1741 483 1836 prasertim
496 1792 505 1824 ,
519 1739 585 1834 qui
603 1753 640 1808 et
654 1738 804 1833 longior
823 1736 873 1806 ob
886 1735 1002 1808 flexus
1019 1749 1107 1806 erat.
1120 1739 1165 1804 ln
1181 1729 1287 1806 utro-¹

280 1881 378 1954 que,
401 1857 429 1926 si
450 1857 610 1926 exterius
629 1870 901 1941 contrectareS,
926 1853 1136 1924 mediocres
1163 1851 1283 1924 calcu·

281 1972 338 2042 los
358 1971 679 2067 quibusdam‚sed
694 1972 787 2042 raris
799 1973 889 2042 locis
899 1971 1085 2042 contineri
1097 1969 1280 2041 crederes.

282 2087 497 2185 Aperiendo
521 2103 663 2173 autem,
679 2091 718 2158 in
737 2088 892 2185 singulis
914 2089 958 2160 iis
982 2088 1073 2182 locis
1090 2086 1282 2184 hydatides

283 2204 448 2301 singulas
486 2203 831 2304 deprehendimus,
868 2204 1049 2302 quasdam
1084 2203 1290 2323 rotunda*

284 2320 372 2391 alias
394 2321 538 2409 ovales,
557 2348 602 2393 ex
616 2324 747 2394 intima
764 2323 891 2393 tunica
908 2324 947 2392 in
964 2324 1122 2394 ureteris
1145 2345 1283 2404 cavum,

283 2459 407 2533 neque
433 2463 501 2534 per
532 2439 713 2536 petiolum
735 2454 861 2511 tamen
887 2439 1079 2537 pendulas.
1103 2440 1282 2510 Rotunda

284 2554 532 2626 minutiorum
566 2581 723 2628 uvarum
756 2555 954 2654 aequabant
986 2559 1136 2645 acinos;
1166 2557 1283 2628 ovales

284 2687 390 2744 erant
407 2673 612 2760 secundum
630 2673 908 2771 longitudinem
935 2674 1053 2772 duplo
1079 2698 1194 2771 quam
1220 2673 1283 2744 illa

285 2791 455 2886 majores.
485 2795 660 2863 Ureteres
681 2791 925 2864 crassioribus
947 2791 1171 2864 constabant
1190 2791 1282 2863 tuni-

286 2908 358 2996 cis,
374 2931 535 3004 quarum
548 2909 678 2979 intima
696 2908 879 2980 rubedine
899 2925 1080 3006 perpetua
1100 2907 1283 2981 inficieba-

285 3039 368 3094 tur:
385 3023 673 3121 oblongioribus
685 3035 816 3097 'autem
837 3026 876 3096 in
897 3028 1019 3097 vesica
1039 3025 1197 3098 hiabant
1215 3025 1282 3098 ori-

287 3139 391 3211 ficiis.
408 3145 492 3211 Haec
510 3166 590 3212 eam
614 3143 833 3214 continebat
861 3144 977 3214 urinae
1000 3145 1167 3240 copiam,
1195 3143 1282 3215 ut'in

287 3259 424 3355 supino
446 3258 635 3330 cadaveris
659 3261 785 3356 positu
811 3259 858 3331 ad
878 3262 990 3330 imam
1015 3285 1052 3331 se
1074 3260 1283 3331 extenderet

287 3373 507 3445 lumborum
524 3375 747 3448 vertebram.
766 3379 866 3467 Quin
884 3379 994 3449 etiam
1008 3375 1092 3464 ubi,
1108 3379 1218 3447 urina
1231 3376 1283 3446 de·

286 3505 410 3576 trusa,
430 3513 514 3562 aere
533 3493 701 3564 immisso
722 3493 882 3565 distenta
891 3509 974 3580 est,
993 3498 1061 3566 etsi
1077 3494 1124 3565 ad
1145 3518 1226 3564 eam
1238 3515 1282 3562 ao

288 3605 444 3682 cedebat
475 3603 635 3678 formam
663 3635 794 3707 quaeva
824 3635 886 3682 me
913 3609 1000 3682 alibi
1023 3611 1080 3707 (ι)
1097 3610 1283 3709 proposita

329 3978 372 4059 (t)
392 3979 486 4057 Epist.
501 3992 578 4042 anat.
597 4001 630 4058 1,
643 3984 736 4064 ntor.
