2810 4668
290 415 359 492 558
452 441 499 488 ns
521 439 669 487 surmus
695 439 738 484 m·
763 437 887 486 causis
911 435 1134 488 moruorum·

290 561 484 629 lentitiam
512 575 687 626 carneum
714 551 831 643 adsit,
856 556 1017 626 crassius
1034 554 1230 646 videlicet,
1244 559 1290 631 ab

287 677 366 772 ejus
402 677 563 744 sectione
594 677 740 770 partim
772 685 932 769 propter
972 673 1307 770 Iroemorrliagiam'

287 799 551 876 enornu'orem,
565 794 712 887 partim
737 789 786 860 ob
814 791 1148 888 inflammationem
1168 793 1291 864 subse·

286 927 473 994 suturam,
483 921 672 1005 proestare
688 909 894 978 abstinere:
922 907 1002 980 haeo
1029 909 1146 1006 igitur
1163 913 1291 982 auimo

284 1028 449 1100 versanti
461 1025 787 1123 opportunevenit
801 1026 841 1096 in
861 1040 1027 1098 mentem
1038 1025 1172 1098 eadem
1192 1051 1290 1125 qure-

286 1168 369 1218 rere
389 1167 472 1241 quae
492 1167 537 1214 ex
552 1141 712 1214 vmuliere
730 1145 927 1240 superiore
955 1143 1011 1239 (ι)
1026 1145 1291 1241 quaesiveram,

284 1287 380 1333 num
397 1276 613 1332 menstruus
626 1261 776 1357 sanguis
786 1260 973 1358 prodisset
987 1283 1160 1359 unquam
1175 1261 1290 1334 inum

286 1381 371 1452 ulloe
391 1405 459 1478 per
477 1373 682 1470 intervalli⁴
694 1378 741 1448 ad
766 1377 917 1451 lumbos
940 1393 1080 1467 essent,
1101 1375 1291 1484 pube'mre

287 1497 555 1598 molestiaeirEx
570 1521 646 1592 quo
665 1497 766 1566 enim
777 1498 977 1595 scripserat
988 1497 1210 1570 Aristoteles
1221 1500 1289 1596 (α),

276 1619 433 1710 seminis
450 1612 639 1684 nonnullis
657 1637 699 1683 os
716 1619 813 1684 uteri
836 1637 1103 1713 compressum,
1136 1639 1292 1687 concor·

282 1750 535 1833 poratumqnc
559 1733 609 1802 ab
631 1736 780 1801 ineunte
806 1747 920 1802 secate
938 1731 993 1817 ad
1015 1747 1160 1831 tempus
1179 1755 1293 1830 usque

286 1868 560 1923 menstruorum
592 1844 902 1946 perseveramus,
941 1871 1033 1920 mox
1075 1853 1292 1946 urgentibus

287 1975 499 2056 menstruis,
513 1965 719 2065 doloreque
738 1967 937 2058 infestante
943 2021 954 2054 ‚
973 1967 1059 2037 aliis
1070 1983 1209 2064 sponte
1224 1968 1291 2040 dis·

286 2101 437 2184 ruptum
455 2109 553 2173 esse,
577 2083 663 2153 aliis
693 2083 890 2154 dissectum
917 2107 945 2154 a
967 2083 1119 2156 medicis
1130 2112 1145 2171 ,·
1171 2085 1291 2183 probe

230 2253 231 2258 κ
286 2205 550 2289 memineram,
584 2216 676 2297 quot
708 2216 746 2272 et
781 2201 905 2298 qualia
938 2202 1111 2274 tulissem
1145 2199 1291 2274 ieminae

285 2320 456 2417 pluresa
488 2333 707 2412 coacervato
733 2320 773 2389 in
803 2319 937 2417 vagina
965 2334 1003 2391 et
1027 2335 1139 2391 utero
1165 2342 1291 2394 mens-

285 2453 374 2518 truo
392 2437 595 2534 sanguine,
621 2435 743 2507 donec
762 2461 783 2506 a
800 2435 986 2538 chirurgis
1005 2453 1111 2528 anre,
1144 2453 1182 2509 et
1208 2455 1291 2538 post

284 2553 494 2626 Fabricium
518 2570 690 2626 nostrum
716 2550 763 2623 ah
792 2553 1091 2652 Aquapendente
1115 2555 1170 2654 (3)
1193 2572 1290 2628 secta

285 2673 465 2770 impervia
484 2671 703 2744 membrana
718 2669 766 2740 ad
792 2667 981 2742 orificium
995 2673 1156 2770 vaginae,
1181 2697 1288 2745 cura-

285 2803 440 2877 rentur3
466 2787 540 2870 hoc
568 2789 670 2860 enim
690 2785 744 2858 ibi
772 2809 842 2884 pro
870 2811 937 2859 ore
964 2789 1060 2860 uteri
1092 2805 1287 2886 acceptum

284 2931 363 3008 esse
373 2905 419 2977 ab
427 2903 863 2992 Aristotele,Fahricium·
872 2904 1060 2978 dubitasse
1070 2904 1128 3002 (4)
1145 2908 1286 2996 miror;

168 3061 170 3066 ·
284 3026 391 3120 quusi
429 3018 568 3122 veginae
596 3021 730 3093 orificii
766 3024 931 3096 occlusio
962 3037 1066 3096 tanta
1109 3047 1286 3096 nonnun-

284 3163 399 3238 quam
416 3166 494 3213 esse
514 3165 591 3211 non
611 3155 755 3238 posset,
770 3155 812 3212 ut
830 3142 905 3212 sive
916 3161 993 3239 per
1005 3145 1085 3214 vim
1098 3141 1281 3242 dirrupta,

283 3258 389 3356 quod
402 3259 623 3330 Aristoteles
651 3257 755 3342 dicit,
783 3258 864 3330 sive
877 3260 980 3356 quod
1007 3257 1200 3332 Fabricius
1223 3263 1282 3347 aii,

220 3365 222 3370 ¹
282 3378 417 3468 incisa:
436 3375 722 3462 nonnullarum,
744 3375 913 3447 sicutille
932 3363 1117 3448 continuo
1135 3379 1280 3476 scripse·

647 3601 652 3638 i

385 3799 429 3852 De
444 3805 572 3870 generat.
589 3795 707 3851 animal.
722 3797 740 3849 l.
756 3800 790 3864 4,
804 3813 830 3850 c.
845 3799 862 3859 4
877 3795 942 3850 sub.
960 3792 1011 3866 fin.

386 3897 430 3950 De
442 3894 553 3950 chirur.
566 3913 650 3968 oper.
663 3894 717 3950 ubi
727 3895 764 3950 de
774 3894 899 3968 hymene
911 3894 1064 3970 imperior.
