2790 4668
151 374 211 420 ur.
238 367 291 416 111.
319 367 365 414 nr
391 363 526 412 nonnas
544 365 715 430 vsnrnrs,
741 365 849 413 srrsr.
879 367 974 414 xmv.
1003 339 1072 444 447

92 491 178 560 riore
187 499 431 578 vexarentur,
440 480 618 566 obierint,
638 493 798 552 statuere
812 506 889 552 non
900 505 1072 580 possum,

92 631 131 676 an
154 605 226 674 haec
255 599 458 698 aliquando
482 601 520 668 in
545 599 589 669 iis
618 599 851 686 canaliculis,
875 601 937 672 illa
965 605 1003 670 in
1027 603 1072 674 iis

92 721 262 820 glandulis
274 719 399 792 sedem
424 717 570 800 habeat.
592 719 667 788 Nec
689 720 727 786 in
739 718 826 789 viris
841 716 983 789 felicior
1001 719 1072 808 fui,

92 855 127 910 ut
147 837 298 912 infectos
325 837 529 934 reperirem
563 835 789 934 gouorrhoeo
820 836 947 908 eadem
977 851 1075 909 exte·

91 959 194 1042 riorc,
222 979 334 1053 quam
360 958 527 1052 spuriam
545 953 635 1022 olim
670 953 875 1049 appellasse
901 953 1077 1024 dicuntur

91 1074 214 1146 medici
233 1073 529 1171 Monspelienses
554 1071 630 1168 (ι),
658 1085 698 1141 ut
723 1095 891 1168 quaerere
906 1095 1077 1202 gossem,

90 1217 129 1262 an
155 1194 231 1288 ejus
263 1194 417 1263 materia
452 1216 471 1261 e
506 1189 650 1288 glandis
683 1189 882 1287 superficie
908 1191 1078 1289 prodiret

89 1310 180 1379 nullo
213 1310 339 1383 ulcere
379 1306 531 1396 aflecta,
556 1331 602 1378 an
639 1334 683 1379 ex
712 1308 898 1406 glandulis
928 1333 1077 1380 coronae

88 1423 217 1523 glandis
235 1427 425 1524 ejusdem,
453 1441 493 1496 ut
517 1427 567 1496 sic
591 1427 714 1496 Littrii
741 1429 925 1498 sententia
945 1427 1079 1499 confir·

88 1561 260 1633 maretur,
278 1571 319 1617 ea
340 1563 490 1619 coronae
509 1545 664 1641 granula
682 1567 751 1641 pro
769 1544 970 1640 glandulis,
999 1571 1078 1618 non
1158 1529 1162 1546 ⁵

88 1686 147 1758 pro
186 1651 716 1762 papillis,'qucmadm0dum
753 1661 980 1757 Ruyschius,
1012 1663 1078 1734 ha·
1178 1667 1186 1681 ‘

87 1778 207 1853 hantis.
227 1782 350 1852 Littrii
370 1782 592 1854 sententiam
610 1779 708 1866 dixi3
736 1802 861 1875 neque
890 1781 990 1850 enim
1006 1783 1079 1852 mei

90 1922 242 1996 unquam
276 1896 359 1985 fuit,
385 1899 563 1994 quicum
589 1897 691 1966 illam
720 1919 1079 1988 commemorarem,

87 2040 268 2088 assensum
281 2015 329 2086 ab
344 2031 504 2113 utraque
529 2011 704 2102 cohibui,
722 2007 936 2112 diligentius
953 2029 1081 2112 postea

89 2135 321 2228 quaesiturus3
335 2149 377 2207 ut
390 2135 522 2220 miror,
549 2153 628 2202 esse
642 2133 807 2228 potuisse
819 2133 985 2229 quicum
1001 2157 1082 2205 mea

86 2251 163 2346 lla)
173 2267 206 2324 et
223 2255 275 2324 IV
286 2251 339 2348 (3)
355 2251 574 2322 Adversaris
595 2250 789 2347 legissent,
815 2253 972 2348 primam
990 2249 1083 2321 mihi

87 2371 300 2441 sententiam
325 2368 552 2453 tribuerent,
583 2369 659 2436 imo
690 2392 731 2436 ea
760 2366 870 2438 dere
901 2369 1082 2440 celebrem

85 2483 191 2574 litem,
211 2489 242 2558 si
262 2487 413 2584 Superis
432 2486 575 2582 placet,
597 2481 821 2576 Ruysclzium
848 2491 944 2555 inter
969 2502 1084 2584 atque

87 2606 329 2701 Morgagnum
343 2605 535 2674 subortam
552 2625 628 2672 esse
655 2601 871 2672 scriberent.
894 2603 1083 2698 Ruyschio

87 2723 177 2790 enim
205 2722 279 2792 hoc
305 2721 459 2818 quidem
482 2719 621 2790 excidit
649 2713 704 2814 (4)
731 2744 811 2804 me,
840 2720 993 2815 granula
1020 2720 1083 2790 illa

81 2861 148 2932 pro
162 2837 355 2936 glandulis
378 2837 610 2935 descripsisse
627 2849 662 2906 et
683 2834 866 2906 delineari
882 2842 1084 2906 curavisse:

85 2975 149 3050 ego
183 2980 275 3027 vero
307 2979 461 3053 sperans
489 2979 533 3025 ex
568 2954 660 3024 meis
692 2951 920 3032 Adversariis
952 2977 1085 3025 omnes

86 3067 185 3144 facile
225 3075 419 3170 agnituros
456 3075 642 3169 optimum
681 3087 717 3142 et
752 3071 1083 3168 occupatissimum

87 3209 206 3260 senem
229 3213 349 3260 meam
369 3215 448 3262 non
467 3191 553 3260 satis
573 3201 783 3262 assecutum
805 3211 883 3258 esse
903 3203 1085 3277 mentem,

87 3306 313 3404 superfluum
342 3308 571 3394 existimavi,
591 3303 650 3376 vel
669 3329 749 3375 uno
780 3302 897 3376 verbo
930 3327 1086 3402 respon.-

186 3791 324 3884 sinimad.
344 3833 378 3891 14
388 3825 421 3880 in
436 3823 487 3881 fin.

140 3931 154 3990 4
188 3928 279 3982 Thess
298 3946 349 3995 ro,
365 3945 395 3980 n.
410 3923 458 3998 98.
