2790 4668
284 407 356 508 466
453 441 500 488 ιιι
525 435 672 489 sennua
697 441 740 486 ιι
765 439 891 488 causis
915 427 1126 488 uontoaust
1169 463 1173 470 ·

282 579 385 642 ram,
407 568 449 626 ut
471 555 508 624 in
534 551 641 624 fabro
660 551 818 650 lignario
835 551 885 622 de
903 575 979 648 quo
999 573 1113 648 suffia
1136 547 1273 648 (iidied

284 688 363 744 tum
385 687 464 760 est,
490 684 671 742 mutatam
702 667 939 766 deprehendi
963 669 1002 740 in
1030 668 1166 744 duram
1193 665 1273 738 sub-

282 788 478 874 stantiam3
512 811 590 856 non
616 809 701 856 raro
719 787 818 857 enim
846 801 931 883 post
945 784 1272 859 inflammationem

279 902 463 1008 glandulae
481 903 603 974 solent
618 902 884 992 indurescere,
907 903 984 976 sive
1014 927 1101 974 cum
1127 901 1272 997 vestigia

279 1017 426 1094 offendi
439 1021 478 1090 in
498 1019 645 1116 illarum
665 1018 841 1092 ductibus
867 1043 947 1095 non
974 1017 1274 1092 inflammationis

278 1137 419 1223 solum,
436 1161 567 1210 verum
585 1137 696 1208 etiam
715 1137 1029 1223 exulcerationis,
1047 1134 1151 1208 velut
1171 1137 1210 1206 in
1231 1158 1270 1208 eo

119 1239 123 1256 ’
234 1280 237 1287 “
277 1254 422 1366 dequo
436 1254 611 1352 protinus
623 1253 756 1327 dicam.

332 1398 384 1442 ιι.
400 1372 570 1460 iuvenis,
583 1371 747 1468 acapitis
761 1372 836 1446 ictu
848 1372 888 1440 in
902 1371 1125 1446 nosocomio
1136 1369 1268 1443 monui

276 1489 374 1564 circa
403 1487 569 1563 medium
593 1487 749 1586 aprilem
768 1489 860 1560 anni
886 1487 997 1585 1718,
1022 1486 1213 1588 genitalia,
1233 1488 1267 1560 in

275 1629 439 1708 quorum
469 1619 641 1683 anatome
669 1628 764 1702 saepe
799 1619 891 1678 tuuc
916 1629 1018 1706 eram
1052 1621 1269 1706 occupatur,

274 1718 473 1824 diligenter
488 1720 614 1795 incidi.
625 1721 675 1796 Et
693 1737 824 1796 caetera
841 1720 996 1819 quidem
1015 1723 1121 1794 intra,
1132 1738 1266 1796 natura

272 1840 454 1913 modum
446 1839 584 1910 inveni

321 1955 483 2030 Urethra
502 1949 627 2029 autein
643 1979 690 2028 ne
707 1969 808 2029 recte
826 1980 864 2028 se
883 1955 1060 2046 haberet,
1078 1957 1200 2052 statim
1215 1981 1266 2030 ve·

271 2077 367 2148 ritus
384 2095 467 2147 sum
489 2097 532 2144 ac
555 2087 694 2144 retecta
720 2071 856 2170 glande
877 2096 1005 2148 cavam
1023 2074 1062 2148 iu
1084 2049 1156 2146 hac
1183 2074 1267 2150 cica-

268 2191 399 2264 tricer'n
413 2187 668 2262 animadverti.
688 2189 1012 2272 Glandulatamen
1032 2204 1217 2288 prostata,
1231 2204 1263 2298 et

269 2308 390 2408 Littrii
429 2322 465 2380 et
497 2301 908 2387 seminalis-caruncula
934 2307 1029 2396 nihil
1060 2307 1266 2406 quidquam

212 2413 214 2424 '
267 2426 347 2501 vitii
365 2423 623 2506 ostenderunt.
652 2424 725 2522 Sed
750 2450 836 2500 cum
861 2424 1024 2515 urethrae
1042 2440 1193 2524 partem
1213 2450 1263 2499 re·

267 2544 408 2644 liquam
434 2543 680 2642 aperuissem,
708 2557 745 2614 et
768 2543 913 2640 primos
935 2543 1082 2648 aliquot
1106 2568 1152 2620 ex
1178 2544 1267 2618 me's
1378 2541 1379 2550 '

159 2667 160 2670 ’
266 2651 481 2736 canaliculis
510 2658 654 2763 deletos
681 2657 877 2754 vidissem
900 2685 1025 2757 neque
1057 2661 1166 2750 ,enim
1194 2570 1264 2734 ulla

266 2775 638 2880 eorumincipiebqut
652 2800 831 2874 apparere
847 2775 1008 2889 crificia„
1020 2779 1092 2857 nisi
1104 2794 1266 2876 quatuor

265 2896 413 2973 circiter
444 2894 662 2973 transversis
693 2892 817 2992 digitis
851 2893 898 2966 ab
923 2909 1088 2970 extrema
1114 2897 1267 2972 urethra
1377 2891 1378 2906 ³

264 3009 506 3122 intermissis3
523 3011 704 3116 attentius
722 3013 935 3108 inspectans
953 3013 1098 3104 omnia,
1119 3013 1265 3090 substiti

206 3227 209 3232 ¹
262 3131 302 3203 in
305 3103 488 3230 deperi
504 3105 769 3228 glandularum
787 3127 983 3218 ductibus,
997 3153 1163 3228 quorum
1181 3131 1265 3203 dex

262 3262 320 3324 ter
339 3271 447 3348 aequo
471 3245 649 3334 tenuior,
665 3246 813 3324 sinister
830 3261 954 3338 autern
975 3273 1082 3345 aequo
1105 3251 1265 3338 crassior
1376 3331 1377 3361 ¹

261 3388 331 3464 per
344 3364 515 3440 intimam
537 3360 700 3442 urethrm
719 3364 882 3447 tunicam
908 3365 1259 3464 transpiciebantur.

260 3485 306 3552 In
323 3483 533 3552 tenuiorem
553 3478 688 3556 frustra
706 3480 913 3580 quidquam
936 3483 1139 3592 immittere
1157 3509 1260 3555 cona-

260 3613 321 3670 tus
337 3612 498 3686 sumsut
518 3599 678 3696 parietes
702 3597 1074 3671 ab‘inflammatione
1093 3599 1155 3672 vel
1179 3625 1258 3673 coa·
1375 3629 1376 3636 ¹

301 3969 341 4051 (ι)
363 3974 401 4027 Ν.
424 3971 452 4027 3.
