2790 4668
316 395 385 482 432
481 421 527 483 na
554 417 701 466 sautans
727 421 771 466 ur
797 419 920 468 causis
947 397 1160 490 monsoauu

314 531 412 606 forte
437 490 541 603 malis
574 531 746 605 erodenti
775 536 901 630 potius
937 535 1132 609 abscessus
1162 539 1313 620 materia

315 675 429 748 quam
447 651 579 722 semini
600 649 828 723 distendenti
842 650 1028 740 tribuere;
1044 679 1183 751 negare
1193 669 1311 724 tamen

317 765 1312 865 nonpoterisquodratiodictat,sitransitusseminiin

317 884 834 980 suasvesiculasquacumque
844 885 891 956 de
905 909 1016 958 causa
1034 887 1312 986 intercipiatur,

316 1018 380 1074 aut
392 1002 421 1072 si
439 1027 483 1074 ex
499 1001 670 1072 vesiculis
681 1001 757 1096 jam
778 1001 950 1074 distentis
970 1004 1113 1076 reditus
1131 1031 1205 1103 per
1222 1031 1315 1078 reve

316 1121 443 1192 hemia
460 1117 607 1189 vascula
628 1120 663 1188 in
689 1122 914 1218 sanguinem
941 1121 1214 1222 prohibeatur,
1242 1122 1313 1194 fore

315 1253 358 1308 ut
383 1235 429 1307 ab
449 1260 549 1307 novo
572 1237 714 1306 semine
733 1260 853 1332 usque
881 1253 917 1308 et
938 1261 1059 1334 usque
1089 1241 1130 1308 iu
1160 1240 1313 1312 testibus

318 1369 479 1442 secreto,
507 1368 619 1424 testes
644 1355 740 1451 ipsi,
772 1353 1067 1451 epididymides,
1084 1372 1138 1427 'et
1173 1357 1314 1455 reliqua

315 1475 395 1568 ejus
423 1470 688 1568 conceptacula
703 1471 921 1570 repleantur
941 1473 1034 1543 adeo
1049 1527 1058 1559 ,
1088 1489 1135 1545 ut·
1149 1477 1314 1572 primum

314 1593 587 1688 intumescant,
611 1613 689 1684 quo
708 1605 880 1686 tempore
900 1591 1219 1688 spermatocelem
1243 1617 1314 1666 esse

314 1701 503 1794 dicemus;
531 1722 611 1776 tum
634 1705 770 1776 deinde
793 1722 835 1778 ut
862 1722 1050 1778 structura
1078 1693 1313 1796 tenuior‚·et

313 1799 465 1897 mollior
477 1849 560 1920 quae
572 1825 611 1894 in
632 1819 811 1894 testiculis
824 1811 1028 1921 praesertim
1039 1841 1109 1913 est,
1133 1827 1311 1924 paulatini
1389 1809 1390 1882 ]

311 1941 464 2012 vitietur
478 1941 759 2036 ,disruptisque
783 1942 940 2014 vasculis
961 1957 1042 2014 tum
1059 1953 1211 2033 semen',
1237 1953 1311 2020 tum

312 2061 533 2156 sanguinem
548 2111 557 2143 ,
570 2063 650 2128 tum
666 2057 861 2154 lympham
877 2039 1122 2148 vehentibus,
1144 2078 1310 2134 tumores

311 2177 476 2272 denique
504 2177 603 2246 misti
621 2176 767 2278 generis
794 2175 1018 2278 intestibus
1048 2197 1309 2274 procreentur.

311 2285 419 2366 Nime
448 2293 565 2392 agesis
590 2291 734 2389 aliquot
759 2292 1040 2389 exemplisrhaec
1062 2294 1308 2388 declaremus.

360 2417 417 2498 Δο.
435 2411 566 2499 Questi
591 2425 679 2481 sunt
708 2409 951 2514 aliqui‘apud
970 2435 1049 2499 me,
1077 2397 1224 2510 quilius
1255 2416 1310 2492 ilia

308 2529 457 2602 flatibus
483 2543 589 2598 erant
612 2528 791 2614 distenta,
817 2553 895 2598 non
914 2545 988 2634 tam
1008 2530 1054 2600 de
1069 2534 1250 2634 tensione
1276 2547 1309 2604 et

306 2648 456 2732 dolore,
476 2670 589 2743 quam
610 2645 673 2716 alii
685 2645 731 2737 de
747 2671 845 2734 unu,
864 2647 925 2716 alii
950 2647 997 2718 de
1017 2663 1182 2745 utroque
1210 2653 1308 2722 testi-

307 2763 393 2862 culo
410 2765 500 2840 tun'c
515 2765 751 2862 potissimum
773 2767 1065 2854 intumescente,
1090 2791 1178 2836 cum
1202 2766 1308 2838 flatus
1388 2861 1389 2866 ἵ

307 2873 466 2956 maxime
498 2859 700 2979 urgebant,
726 2881 1007 2955 detumescente
1028 2887 1174 2972 autem,
1203 2886 1307 2976 nullo

308 3025 471 3100 prorsus·
481 2999 611 3072 relicto
630 2999 894 3086 incommodo,
915 3025 1002 3072 cum
1017 3001 1125 3073 ssatus
1150 2984 1309 3076 remitte·

248 3181 251 3184 .
273 3186 276 3194 .
306 3121 408 3194 bant.
428 3118 597 3206 Credidi,
615 3117 661 3188 ab
677 3119 863 3190 intestinis
878 3115 1048 3192 distentis
1064 3123 1164 3191 viam
1176 3123 1306 3200 semini

305 3231 507 3312 intercludi
524 3237 748 3333 compressis
777 3238 871 3308 vasis
887 3236 961 3308 hoc
986 3237 1033 3308 ad
1045 3239 1232 3310 vesiculas
1249 3239 1307 3310 de·

307 3355 531 3439 ferentibus,
551 3356 630 3446 imo
649 3355 738 3451 ipsis
754 3354 1156 3442 interdum‘vesiculis‚
1177 3373 1222 3428 ut
1245 3337 1307 3428 de·

257 3487 258 3490 ’
304 3479 423 3548 latum
438 3497 516 3542 non
532 3471 783 3542 admitterent.
798 3471 856 3572 Sic
869 3471 1024 3570 quoquc
1035 3477 1192 3544 memini
1202 3530 1211 3562 ,
1223 3495 1305 3546 curn

305 3608 391 3664 ante
409 3589 480 3661 hos
497 3590 650 3686 triginta
667 3613 787 3660 annos
800 3581 988 3688 thdigio
1007 3591 1054 3661 ad
1072 3616 1143 3663 nos
1161 3573 1220 3662 vir
1231 3592 1305 3662 ho·

299 3726 433 3788 ,nestus
448 3704 632 3795 venisset,
648 3709 790 3781 tumori
809 3709 956 3780 cuidam
975 3707 1164 3780 obnoxius
1181 3712 1305 3806 quiin·

304 3847 363 3899 ter
380 3826 594 3896 abdominis
611 3827 799 3896 musculos
813 3825 860 3896 ad
874 3803 1095 3922 epicolicam
1114 3828 1303 3924 regionem

305 3923 494 4014 dexteram
520 3967 603 4038 non
614 3941 734 4012 semel
757 3940 937 4031 redierat,
956 3943 1195 4050 diceretque,
1216 3969 1303 4042 quo·
