2790 4668
296 377 369 486 464
463 421 509 468 na
536 419 683 468 sautans
707 421 750 466 nr
776 417 900 466 cAUsls
926 419 1136 468 norinorum

294 536 442 621 culum,
474 533 625 606 eumad
647 557 731 604 eum
759 532 826 630 qui
845 530 1061 630 designatus
1081 551 1157 622 est,
1175 535 1287 608 locum

293 631 575 746 accederemus}
614 647 854 723 offendimus.
887 649 1078 722 Paulatim*
1107 654 1223 750 igitur
1250 655 1288 725 ab

294 795 336 856 ea
358 770 450 844 facie
473 771 701 868 aperientes,
727 783 770 840 ut
794 768 894 840 soliti
910 792 1059 858 sumus,
1086 795 1169 867 quar
1193 768 1289 844 facies

292 891 432 962 nostris
470 888 644 986 opposita
676 901 731 958 est
762 886 1001 977 canaliculis‚
1030 887 1109 960 haec
1137 888 1289 987 denique

268 995 633 1080 animadvertimus.
665 1008 823 1076 ‘fractus
873 1019 952 1078 erat
994 1020 1288 1086 transversorum

292 1126 496 1224 digitorum
522 1124 658 1211 trium,
678 1137 803 1228 auffo
824 1123 1003 1220 amplius,
1024 1148 1103 1222 quo
1131 1127 1289 1223 proclive

253 1257 257 1268 “
292 1259 372 1316 erat
394 1242 603 1338 intelligere
631 1239 824 1312 urethram
850 1240 940 1313 olim
962 1237 1074 1314 fuisse
1107 1243 1290 1314 exulcera-

290 1376 377 1434 tam.
390 1365 460 1432 Per
479 1384 560 1432 earn
579 1359 680 1430 enim
698 1353 830 1432 faciem
846 1358 886 1428 in
908 1382 983 1454 qua
1002 1357 1059 1430 illi
1080 1374 1173 1431 sunt
1190 1385 1290 1476 gana-

290 1478 414 1567 liculi,
437 1493 512 1550 tres
538 1491 748 1573 quatuorve
764 1474 958 1550 exstabant
981 1476 1020 1546 in
1041 1490 1289 1562 transversum

291 1594 411 1668 ductae
436 1594 587 1683 attide,
608 1609 645 1666 et
662 1578 768 1692 quasi
792 1593 976 1668 tendineae
1003 1593 1219 1684 chordulae,
1240 1595 1291 1666 vel

289 1717 414 1812 potius
431 1715 581 1802 institae,
600 1716 685 1784 non'
703 1711 811 1784 valde
841 1713 1121 1810 prominentes,
1141 1739 1214 1786 nec
1237 1739 1291 1784 us-

290 1859 404 1932 quam
432 1858 469 1904 se.
493 1831 540 1904 ab
570 1833 717 1903 interna
737 1829 899 1903 urethrae
925 1831 1148 1903 membrana
1174 1833 1291 1927 sejun-

289 1967 427 2049 gentes.
454 1955 540 2022 Erat
565 1951 663 2020 inter
686 1948 908 2019 chordulam
934 1963 971 2020 et
996 1947 1221 2022 chordulam
1238 1951 1290 2018 in-

287 2070 510 2154 terstitium,
545 2083 626 2138 tum
652 2065 776 2138 medio
802 2063 920 2140 ferme
954 2067 1238 2172 inter'primam
1258 2082 1290 2138 et

287 2187 458 2260 nltimam
485 2185 571 2281 loco
593 2183 746 2256 urethra
778 2208 817 2256 se
840 2199 945 2258 tanto
965 2186 1086 2281 spatio
1107 2201 1289 2282 quantum

287 2303 363 2375 duo
382 2303 531 2375 circiter
555 2317 803 2400 occupassent
822 2304 1025 2377 transversi
1042 2303 1150 2401 digiti
1167 2329 1289 2402 coarc-

286 2421 409 2508 tabat,
430 2434 471 2494 ut
487 2419 540 2492 ibi
554 2418 712 2492 dimidio
732 2419 1014 2518 propemodum
1041 2445 1157 2516 quam
1184 2447 1289 2522 supra
1379 2481 1380 2488 ,

283 2551 347 2612 aut
365 2536 481 2628 infra,
498 2553 593 2611 esset
606 2541 807 2635 angustior.
833 2541 929 2612 Cum
952 2537 1030 2610 haec
1044 2542 1176 2611 omnia
1197 2542 1287 2613 intra

284 2683 415 2730 eorum
435 2655 482 2732 de
509 2655 647 2753 quibus
670 2656 882 2751 loquimur,
907 2656 1210 2730 canaliculorum
1235 2685 1290 2730 re·

285 2780 435 2876 gionem
454 2773 652 2866 caderent;
672 2775 748 2872 ipsi
759 2788 904 2862 tamen,
925 2798 1136 2872 eorumque
1151 2775 1288 2848 orificio

284 2897 409 2994 primo
432 2893 586 2990 quidem
612 2906 765 2988 aspectu
787 2916 866 2968 non
887 2907 1021 2988 praeter
1051 2909 1230 2966 naturam
1255 2920 1287 2966 se

284 3012 423 3084 hahere
443 3007 761 3081 videbantur.Ubi
780 3033 871 3079 vero
882 3009 1012 3085 oculos
1029 3012 1212 3098 attentius
1228 3012 1288 3084 de-

283 3129 365 3218 fixi,
378 3145 414 3200 et
430 3127 854 3224 accuratiusinspectavi
866 3127 973 3215 ‚satis
984 3132 1169 3226 cognovi,
1188 3147 1287 3202 certo

282 3247 449 3345 quodam
486 3243 602 3316 modo
636 3268 757 3340 quem,
788 3240 933 3324 facilius
969 3244 1049 3340 ipse
1090 3249 1287 3345 percipere

281 3390 393 3463 quam
412 3363 536 3438 verbis
558 3360 745 3460 explicare.
767 3362 924 3459 possim,
944 3359 991 3432 ab
1014 3364 1175 3447 naturali
1203 3390 1286 3438 con·

282 3482 481 3564 suetudine
505 3480 740 3576 discrepare,
757 3461 802 3549 ut
828 3505 905 3550 non
941 3479 1147 3552 obscurum
1173 3500 1283 3572 esset,

280 3603 466 3676 minorem
483 3597 637 3696 quidem
652 3621 767 3694 quam
777 3600 948 3695 proxima
963 3599 1141 3686 urethra‚'
1150 3602 1217 3672 sed
1227 3603 1285 3671 ali-

279 3742 393 3816 quam
403 3731 528 3786 tamen
537 3740 674 3786 noxam
688 3715 777 3786 olim
786 3714 994 3813 pertulisse.
1007 3717 1120 3808 Quod
1131 3719 1283 3792 etchor-

279 3835 477 3918 dularum‚
511 3833 548 3906 id
567 3849 622 3904 est
640 3833 856 3904 cicatricum
867 3833 973 3906 sedes
986 3836 1026 3904 in
1049 3859 1091 3904 ea
1105 3835 1282 3908 duntaxat

279 3937 440 4024 urethrae
466 3934 575 4040 facie,
597 3975 734 4047 nempe
763 3953 861 4026 inter
891 3950 1187 4028 canaliculorum
1210 3955 1280 4026 ori÷
