2814 4674
268 369 314 440 86
435 391 481 436 nn
509 385 653 436 seorsus
679 386 722 432 rr
749 380 871 431 nausis
897 384 1105 433 monnornu

263 506 449 619 dusgquo
465 501 594 587 stanti,
614 499 803 570 sedentive
821 499 970 570 mulieri
990 516 1100 574 testes
1124 501 1171 574 ad
1187 504 1280 600 pei-

214 639 220 648 ·
263 622 319 692 vis
334 643 416 692 ossa
435 617 714 715 opprimuntur3
732 615 851 686 multo
870 631 993 687 autem
1010 617 1126 715 magis
1141 619 1180 688 in
1198 618 1282 690 dif-

263 736 351 808 ficili
370 753 482 834 partu
505 733 829 805 vehementissime
860 735 1016 822 nitenti,
1046 750 1110 805 aut
1131 737 1280 808 intem-

261 855 403 953 pestive
418 855 457 923 in
473 877 518 923 eo
537 853 603 948 qui
619 849 736 922 facilis
753 849 900 924 futurus
918 867 1031 940 osset,
1052 854 1124 924 nisi
1144 853 1281 950 plera-

262 995 425 1068 rumque
462 972 720 1069 imperitarum
751 969 997 1041 obstetricum
1030 993 1281 1070 praepropera

265 1085 451 1158 festinatio
480 1088 712 1159 acceleraret.
745 1085 804 1158 Ob
838 1087 906 1159 has
938 1089 1072 1186 igitur,
1100 1089 1280 1186 aliasque

221 1193 223 1198 ⁸
265 1191 394 1277 causas
412 1203 514 1275 haud
533 1206 670 1275 mirum
688 1213 762 1293 est,
783 1205 814 1276 si
829 1203 963 1275 crebro
979 1205 1181 1278 muliebres
1197 1221 1281 1280 tes-

265 1337 321 1394 tes
337 1323 533 1410 vitiantur,
558 1338 593 1394 et
616 1335 783 1410 tument,
811 1317 1074 1420 augentutque
1093 1324 1209 1414 ade0,
1228 1341 1282 1396 ut

265 1462 343 1510 non
359 1441 545 1510 rarissime
561 1440 710 1510 ascitem
724 1441 963 1526 mentiantur,
976 1439 1077 1512 velut
1089 1442 1128 1510 in
1146 1467 1191 1512 ea
1204 1443 1281 1514 ob-

266 1558 475 1629 servatione
490 1611 499 1644 ,
512 1583 593 1654 quae
607 1559 646 1626 in
660 1557 791 1628 eodem
806 1559 1035 1630 Bononiensi
1047 1561 1283 1632 nosocomio

265 1697 286 1742 a
306 1676 387 1744 viro
405 1675 642 1763 doctissime,
670 1697 712 1745 ac
733 1673 1022 1770 diligentissimo
1042 1675 1170 1747 habita
1190 1693 1281 1768 est,

266 1792 331 1888 qui
345 1813 493 1864 mecum
509 1809 545 1862 et
555 1793 742 1889 priorem,
758 1805 793 1862 et
807 1805 864 1861 tot
880 1792 968 1868 alias
983 1792 1185 1881 habuerat,
1198 1800 1282 1866 He·

269 1909 400 1980 raclito
421 1907 641 1979 Manfredio.
665 1911 715 1977 Ut
735 1908 813 2004 ipse
830 1907 878 1978 ad
895 1931 954 1980 me
970 1911 1035 2006 qui
1055 1911 1131 2007 jam
1148 1913 1281 1983 Vene-

267 2029 326 2097 tiis
343 2025 545 2122 degebam,
561 2024 663 2094 illam
684 2026 848 2121 scripsit,
872 2027 924 2096 sic
942 2047 1010 2124 ego
1027 2042 1153 2098 tecum
1166 2048 1280 2099 eom-

266 2143 480 2212 municabo
1292 2221 1296 2234 ,

317 2259 374 2355 39.
401 2259 552 2330 Femina
571 2261 810 2355 quaeascitica
825 2260 1102 2358 putatafuerat,
1121 2278 1280 2333 mortua
1388 2275 1389 2284 ’

266 2392 331 2449 est.
354 2372 495 2448 Venter
510 2400 587 2446 non
606 2373 722 2449 effusa
746 2400 862 2474 aqua,
882 2380 947 2450 sed
968 2394 1116 2450 tumore
1143 2380 1280 2479 opple-

264 2494 377 2574 batur
402 2494 504 2564 testis
525 2494 672 2565 sinistri.
699 2500 786 2566 Erat
810 2498 842 2567 is
859 2511 986 2567 tumor
1005 2497 1133 2593 pondo
1161 2497 1280 2570 libra-

264 2637 350 2681 rum
371 2592 533 2707 quatuor
548 2627 583 2681 et
597 2613 748 2709 viginti:
767 2610 928 2686 'refertus
938 2637 1008 2710 pro
1022 2615 1155 2710 majori
1164 2632 1277 2713 parte

265 2728 407 2800 viscido
428 2743 464 2798 et
481 2729 590 2824 nigro
605 2727 783 2815 humore,
804 2747 916 2828 quem
944 2753 1030 2801 eum
1054 2753 1151 2828 aqua
1172 2731 1277 2806 lutu-

265 2846 381 2932 lenta,
396 2869 477 2943 quae
486 2869 554 2942 per
570 2845 710 2917 medias
720 2846 825 2918 urbis
840 2849 917 2928 vias
927 2848 1026 2919 lente
1037 2847 1129 2937 fluit,
1141 2871 1278 2946 posses

265 2987 491 3060 comparare.
533 2967 672 3034 Caetera
702 2967 830 3036 vesica
866 2965 1065 3053 tenebant,
1097 2967 1276 3064 inaequali

263 3079 539 3176 magnitudine,
553 3081 651 3150 inter
665 3105 703 3150 se
719 3107 797 3150 non
817 3085 1162 3172 communicantes,
1180 3109 1274 3181 qua-

172 3190 174 3194 ’
262 3221 344 3266 rum
362 3197 450 3266 alias
467 3195 578 3283 flava,
599 3212 635 3266 et
649 3193 787 3268 viscida
812 3179 985 3290 materia,
1004 3201 1095 3272 alias
1114 3200 1274 3298 iympha

264 3311 459 3408 implebat,
479 3337 560 3408 quae
578 3315 656 3410 igni
669 3315 864 3412 imposita,
881 3343 959 3388 non
977 3319 1180 3390 concrevit.
1193 3319 1273 3406 Etsi

263 3431 404 3500 nuliam
424 3429 470 3499 ad
487 3446 631 3527 partem
652 3449 730 3503 erat
750 3459 935 3524 annexus,
949 3451 1199 3532 praeterquam
1222 3435 1273 3506 ad

257 3549 454 3619 sinistrum
476 3550 612 3618 summi
636 3551 733 3621 uteri
753 3550 865 3641 latns;
891 3552 1094 3624 immobilis
1119 3568 1267 3642 tamen,

173 3657 179 3665 ’
262 3668 504 3762 quocumque
521 3691 657 3764 corpus
668 3683 894 3757 verteretur,
908 3671 1064 3742 omnino
1079 3686 1169 3758 erat,
1182 3695 1270 3768 pro·

238 3821 240 3831 ·
261 3786 484 3882 ptereaquia
493 3782 710 3856 inferiorem
722 3771 923 3885 quamdam
937 3789 993 3860 sui
1008 3788 1269 3886 appendicem,

260 3925 304 3973 ex
322 3901 563 3998 hydatidibus
582 3904 708 3975 multis
737 3919 992 4006 constantem,
1012 3930 1095 3978 cum
1115 3920 1265 3978 uterum
