2814 4674
304 451 360 535 '18
478 481 525 530 nn
550 481 695 530 seorsus
719 477 763 527 rt·
789 475 912 529 causis
937 453 1144 530 nonnosum

311 599 496 697 explicare
511 611 546 668 te
565 617 697 694 posse,
715 593 864 681 credas,
883 609 925 665 ut
938 595 1161 694 Bierlingius
1177 597 1241 695 (s)
1262 602 1323 672 ins·

310 716 466 801 dicavit,
486 713 552 810 qui
564 735 635 810 per
648 710 854 782 totsoeeulo
866 725 921 792 tot
940 711 1322 812 aumoresdeceptos,

309 835 340 907 si
358 857 438 903 non
452 855 618 928 semper,
641 829 896 917 etmultoties,
914 828 1221 912 cunctandum
1241 856 1324 906 matd

310 975 392 1049 gnae
408 950 507 1020 illius
524 949 564 1017 in
583 935 714 1017 centio
735 947 949 1020 mesenterii
981 946 1165 1043 glandulas
1182 973 1323 1032 verum

308 1091 440 1149 usum,
459 1081 495 1137 et
511 1064 611 1162 chyli
627 1063 908 1161 receptaculum
925 1065 1162 1161 ignorantes,
1182 1089 1231 1135 ex
1244 1065 1322 1136 hoc

308 1201 396 1286 post
412 1195 572 1255 mortem
585 1181 695 1279 chylo
720 1182 911 1256 etiamtum
923 1181 1087 1280 repleto,
1104 1197 1141 1254 et
1154 1181 1324 1255 dissecto

300 1301 527 1403 plerumque
541 1303 747 1372 abscessum
765 1304 975 1370 mesenterir'
985 1301 1187 1391 fecissent,
1209 1300 1323 1397 quasi

306 1418 675 1514 nutabsoossusquos
686 1416 855 1513 plerique
870 1439 1126 1513 proposuere,
1144 1443 1227 1488 non
1243 1418 1323 1488 lon*

308 1563 352 1637 ge
367 1537 440 1613 alio
457 1560 500 1607 ac
517 1534 649 1632 chylus
668 1547 742 1618 est,
760 1531 920 1622 humore
940 1533 1041 1631 pleni
1054 1533 1322 1608 describeren-

307 1673 380 1744 tur,
396 1671 460 1727 aut
476 1679 609 1753 magna
625 1653 687 1725 illa
701 1650 895 1748 glandula,
913 1665 956 1722 ut
970 1652 1009 1722 in
1021 1652 1320 1750 quadrupedum

306 1797 461 1874 genere,
479 1773 531 1846 sic
550 1772 660 1844 etiam
678 1784 774 1840 esset
792 1771 831 1838 in
857 1767 1036 1840 humano.
1069 1771 1179 1841 Mitto
1204 1771 1318 1841 aliam

308 1891 410 1963 haud
427 1913 516 1960 raro
534 1885 788 1984 quorumdem
809 1883 1052 1958 abscessuum
1070 1902 1107 1958 et
1122 1903 1320 1960 tumorum

307 2007 453 2093 sedern,
473 2020 510 2076 et
528 2005 803 2102 plerorumque
824 2017 889 2073 aut
908 2029 1132 2091 numerum,
1148 2020 1212 2077 aut
1238 2031 1320 2076 ma-

306 2122 541 2222 gnitudinem
552 2121 611 2193 vel
627 2121 667 2191 in
682 2120 775 2190 vivis
785 2113 1092 2194 animadversam.
1110 2125 1190 2194 Nec
1208 2121 1318 2221 quod

193 2283 200 2291 -
307 2241 351 2312 ol.
366 2240 538 2311 Hallerus
549 2237 607 2335 (a)
622 2237 822 2325 existimat,
835 2237 1047 2336 aliquando
1062 2265 1225 2336 magnas
1237 2246 1318 2340 qui·

303 2357 406 2444 dero,
427 2356 496 2427 sert
509 2381 559 2426 ex
575 2369 724 2452 recepta
740 2359 780 2424 in
783 2357 998 2450 jussoribus
1013 2355 1093 2454 lege
1107 2357 1318 2454 glandulo-

304 2499 390 2546 tum
413 2472 745 2570 conglobatarum,
773 2475 986 2544 mesenterii
1014 2473 1214 2570 glandulas
1237 2497 1316 2574 pro

306 2594 485 2672 morbosis
499 2591 650 2662 habitas
667 2615 759 2676 esse,
779 2613 861 2662 oum
878 2597 1238 2674 essentsanisstmoe,
1256 2593 1316 2662 in-

304 2706 406 2780 teias
423 2708 498 2782 ibo.
518 2708 588 2779 Sed
606 2731 691 2779 cum
709 2724 772 2780 aut
786 2709 906 2781 multo
919 2709 1082 2806 majores·
1093 2724 1182 2786 sunt·
1199 2731 1316 2807 quam

306 2851 349 2906 ea
365 2826 423 2898 lex
443 2826 624 2923 requirit,
648 2841 713 2896 aut
727 2824 917 2911 duriorem
936 2849 1015 2896 non
1034 2841 1089 2897 est
1109 2841 1212 2898 certe
1224 2826 1314 2896 huic

306 2945 512 3040 suspicioni
532 2943 658 3032 locus,
678 2959 719 3014 ut
738 2958 827 3040 puta
842 2944 881 3013 in
900 2943 961 3014 illa
982 2945 1112 3041 pueri,
1132 2967 1251 3041 quam
1269 2965 1314 3013 ex

305 3062 507 3142 Benivenio
525 3059 773 3158 produximus
787 3059 857 3156 (3),
874 3061 1107 3133 dissectione.
1130 3061 1196 3131 Hic
1210 3065 1312 3132 enim

304 3175 443 3248 callum
463 3201 541 3247 non
565 3176 801 3275 appellasset,
820 3201 946 3274 neque
967 3201 1013 3248 eo
1028 3177 1179 3249 dixisset
1197 3195 1313 3246 renas

303 3295 523 3376 meseruioes
541 3293 753 3366 obstructas
779 3317 904 3365 omnes
926 3291 1061 3383 fuisse,
1084 3293 1155 3366 nisi
1186 3306 1312 3365 mmo-

196 3453 200 3460 ·
303 3435 383 3485 rem
398 3417 497 3486 inter
511 3411 592 3485 illas
608 3435 722 3493 venas
739 3412 938 3508 reperisset
952 3427 1033 3490 tum
1050 3411 1211 3498 dutum,
1228 3425 1309 3482 tum

870 3623 1311 3651 -ς-μ--ημ-ι-

342 3770 386 3848 (1)
407 3772 573 3846 Eph.N.C.
586 3773 649 3830 dec.
665 3793 695 3842 1,
710 3773 746 3828 A.
759 3789 792 3842 a,
807 3771 871 3829 obs.
889 3770 954 3828 152.

342 3884 384 3964 (a)
406 3889 477 3942 Not.
497 3887 566 3945 aad
582 3891 597 3956 §
614 3887 678 3944 128.
693 3888 822 3943 Prolect.
835 3881 941 3942 Boerlr.
955 3885 986 3940 in
999 3885 1095 3941 lustit.

342 4000 387 4078 (3)
406 4002 444 4058 N.
460 4019 489 4071 7.
