2726 4676
149 505 220 556 tta.
248 503 304 556 m.
333 505 380 556 ut
406 505 541 558 nonnis
560 506 730 574 vaurms,
757 511 868 558 smsr.
896 509 982 559 mu.
1012 485 1081 584 267

68 641 226 718 oequum
241 637 346 693 esset.
362 625 538 694 Uretercs
552 638 675 694 autem
685 623 833 720 ipsique
850 649 960 697 renes
975 626 1087 723 pessi·

69 761 134 810 me
154 739 359 812 habebant.
376 739 435 810 Ilii
448 741 548 811 enim
561 739 724 829 dilatati,
739 765 834 838 pure
848 757 955 814 erant
969 743 1085 840 pieni,

67 857 187 956 quale
204 857 243 927 iu
258 883 350 928 cavo
363 858 474 928 etiam
489 855 627 930 ulceris
643 858 807 930 muitum
819 859 958 946 fuerat,
980 861 1087 958 liqui-

70 975 124 1046 do
145 991 185 1047 et
205 1001 250 1048 ex
265 973 432 1047 subflavo
447 975 655 1064 albicante,
673 975 711 1048 id
730 991 891 1076 estpure
909 1003 993 1049 cum
1011 979 1086 1050 uri·

70 1118 121 1164 na
142 1093 355 1164 commisto.
367 1096 490 1164 Renes
504 1108 626 1163 autem
637 1119 746 1192 aequo
760 1095 940 1190 majores,
956 1094 1087 1167 dexter

69 1209 303 1310 praesertim,
328 1211 452 1306 quiet
474 1209 608 1280 durior
630 1225 666 1282 et
697 1211 843 1284 cellulis
869 1214 969 1284 intus
988 1235 1089 1282 exca·
1187 1279 1195 1294 ,

71 1343 185 1399 vatus
207 1329 354 1425 parvis,
379 1327 442 1399 sed
462 1326 653 1426 pluribus,
675 1329 888 1426 eodemque
906 1354 1021 1428 pure,
1045 1343 1089 1399 ut

72 1445 200 1544 pelvis
227 1469 406 1542 quoque,
435 1443 529 1515 adeo
560 1443 751 1532 distentis,
782 1461 824 1517 ut
851 1448 889 1517 in
922 1449 1088 1518 sectione

73 1564 193 1634 altius
208 1562 435 1658 prosiluerit.
456 1561 570 1632 Renis
583 1562 722 1633 sinistri
737 1564 872 1634 tunica.
885 1563 1039 1660 adiposa
1053 1575 1090 1634 et

73 1679 234 1780 propria
252 1680 353 1750 inter
366 1703 404 1749 se
418 1681 572 1776 junctae,
594 1699 723 1750 crassae
738 1695 776 1751 et
788 1679 888 1751 duroe
906 1679 1090 1776 ejusdem-

73 1793 183 1867 modi
195 1821 268 1894 pus
286 1795 528 1884 coercebant,
544 1821 624 1894 quo
641 1797 765 1882 renis,
786 1795 1015 1895 quibusdam
1034 1797 1088 1866 lo-

74 1915 131 1985 cis
154 1937 265 1986 erosa
285 1911 521 2012 superficies,
551 1939 628 1984 non
650 1938 757 1986 secus
774 1939 818 1986 ac
836 1916 974 2012 passim
998 1915 1090 1985 inte·

73 2031 180 2102 riora
198 2031 374 2102 scatebat.
391 2031 496 2102 Odor
509 2046 634 2102 autem
655 2033 870 2104 teterrimus
884 2034 951 2129 qui
971 2057 1015 2102 ex
1031 2055 1089 2103 re-

76 2147 197 2220 nibus
210 2164 246 2220 ct
268 2149 389 2220 vesica
403 2145 621 2236 afflabatur,
641 2147 835 2220 thoracem
861 2174 977 2246 porro
997 2149 1090 2220 inci·

78 2265 198 2354 dere,
218 2267 324 2362 errius
337 2267 416 2336 vitii
428 2265 610 2337 indicium
630 2267 809 2338 extitisset
821 2265 990 2355 nuilum,
1011 2291 1092 2365 pro

78 2383 221 2455 hibuit.

133 2527 192 2572 αι.
215 2501 325 2590 Quae,
345 2502 510 2573 sectione
530 2501 582 2572 sic
607 2499 802 2586 absoluta,
825 2503 1028 2587 continue,
1051 2515 1094 2573 ut

81 2619 216 2692 solitus
229 2643 333 2704 sum,
347 2618 518 2716 pluribus
530 2619 597 2715 qui
614 2617 769 2690 aderant
784 2618 978 2690 nobilibus
987 2620 1092 2704 viris,

83 2739 246 2834 aliisque
264 2737 318 2808 rei
338 2735 490 2808 medicae
510 2761 553 2807 ac
575 2737 796 2834 chirurgica
813 2751 895 2807 tum
908 2737 1094 2834 magistris

82 2872 166 2927 tum
204 2853 379 2926 studiosis
407 2853 669 2941 audientibus,
693 2853 842 2924 locutus
863 2855 951 2938 sim,
971 2877 1016 2922 ex
1036 2851 1093 2922 his

86 2999 170 3070 quae
194 2969 311 3044 fusius
333 2971 396 3042 hic
419 2971 487 3042 tibi
513 2971 730 3067 subjiciam,
761 2968 867 3042 facile
896 2969 1092 3066 intelliges.

87 3095 178 3180 Quae
191 3114 300 3162 causa
312 3089 414 3161 hane
426 3104 463 3160 et
482 3104 539 3158 tot
556 3089 645 3160 alias
659 3087 803 3186 puellas
821 3075 1041 3172 incitaverit,
1054 3101 1095 3156 ut

88 3207 159 3279 sibi
186 3231 321 3278 acuum
353 3207 514 3305 capitula
542 3207 582 3276 in
614 3205 807 3277 urethram
838 3203 1095 3287 intruderent,

90 3349 170 3396 non
199 3340 274 3396 tam
305 3327 343 3395 in
369 3320 518 3396 lacunis.
546 3323 675 3395 salacis
699 3323 871 3394 humoris
895 3322 1098 3420 quaerenda

93 3460 171 3530 est,
189 3445 333 3540 quippe
350 3459 388 3514 et
405 3441 494 3512 alibi
511 3457 548 3512 et
565 3457 666 3512 extra
684 3440 787 3512 illam
804 3440 1014 3526 hiantibus,
1027 3441 1098 3510 nisi
1190 3421 1192 3426 ⁵

91 3562 138 3632 ad
163 3561 264 3631 idem
288 3586 405 3658 genus
429 3561 617 3658 pertinere
638 3557 733 3632 forte
761 3558 891 3631 credas
918 3583 982 3630 eos
1005 3583 1100 3655 quo·

92 3703 167 3774 que
190 3678 418 3749 canaliculos
442 3701 539 3774 quos
558 3678 655 3747 intra
679 3677 882 3772 muliertm
906 3673 1099 3745 urethram

93 3793 354 3892 descripsi(1),
366 3820 480 3893 quam
497 3796 536 3864 in
555 3795 741 3892 exquisito
753 3791 980 3864 membranae
991 3815 1102 3861 sensu

99 3951 1109 3984 *W

132 4057 176 4134 (1)
196 4059 323 4115 Advers.
338 4062 366 4130 1,
380 4080 410 4115 n.
427 4079 480 4132 ro,
495 4071 524 4115 et
535 4061 576 4116 1v
589 4059 718 4116 animad.
733 4066 780 4125 αἱ..
