2810 4668
147 457 219 526 mr„
243 458 297 514 ru.
326 461 371 507 nr
398 459 864 521 nonarsvarrn1s‚rr1sr.
892 459 987 509 ravi.
1017 437 1091 536 549

75 585 165 645 turn
198 566 382 669 virginem
411 570 571 659 habere,
604 570 754 668 qualem
782 587 867 644 ante
887 575 1093 645 triennium

80 691 255 762 duxerat.
275 693 431 761 Causam
447 713 527 761 esse
544 687 793 760 arbitrabatur
812 690 985 788 glandem
999 691 1101 764 infe-

83 811 190 880 riora
205 831 336 879 versus
355 821 561 894 curvatam,
579 832 705 904 neque
720 809 759 878 in
777 811 900 905 apice,
918 808 983 880 sed
998 807 1098 880 insra

82 941 297 1024 pertusam,
313 939 591 1022 proptereaque
607 939 643 994 et
658 925 765 1021 penis
780 928 981 1022 ingressui,
992 942 1029 996 et
1044 951 1097 997 se-

83 1044 201 1114 minis
224 1041 462 1137 ejaculationi
488 1040 712 1146 obstantem.
742 1044 807 1114 llis
830 1042 984 1131 auditis,
1009 1067 1097 1114 cum
1164 1037 1168 1048 ’

87 1159 266 1260 genitalia
288 1159 512 1256 inspicerem
523 1183 534 1244 ‚·
557 1159 607 1228 ita
630 1159 769 1228 inveni.
794 1163 919 1231 Testes
942 1162 1068 1258 magni
1089 1187 1118 1240 :3

86 1291 259 1350 scrotum
283 1301 360 1346 non
382 1274 527 1372 pallens
550 1273 723 1372 quidem,
745 1274 811 1345 sed
831 1264 972 1348 larius:
990 1279 1100 1376 penis

82 1397 191 1492 justo
212 1392 461 1492 longitudinis
479 1407 516 1464 et
535 1391 792 1484 erassitudinis
804 1393 939 1464 modo:
957 1420 1101 1494 praepu·

87 1515 187 1584 tium
211 1513 320 1610 quale
340 1513 379 1581 in
404 1509 553 1583 duobus
570 1507 640 1582 fuit
660 1535 761 1582 ame
782 1508 980 1610 descriptis
996 1513 1104 1608 juve·

88 1629 226 1720 nibuS‚
258 1628 440 1700 olitoridis
464 1629 650 1726 praeputio
671 1627 809 1718 simile3
830 1627 975 1729 glandis
1000 1631 1102 1700 enim

91 1749 329 1846 superiorem
351 1744 500 1835 faciem,
518 1760 555 1818 et
574 1745 690 1817 latera
710 1747 796 1818 satis
813 1746 983 1844 tegebat3
1007 1771 1027 1816 a
1052 1745 1103 1818 la-

92 1867 151 1938 cie
180 1862 359 1935 inferiore
384 1863 523 1934 deerat.
548 1867 592 1933 In
610 1861 830 1961 eademque
854 1879 932 1935 tota
957 1864 1103 1961 glandis
1133 1953 1134 1956 Ἴ

93 1981 224 2069 facie,¹
246 1995 282 2052 et
309 1993 426 2079 parvo
453 1976 551 2049 infra
585 1978 760 2076 glandem
795 1982 915 2078 spatio
948 1980 1105 2054 inferior

92 2123 255 2198 quoque⁴
275 2097 406 2188 *deerat
437 2095 602 2168 urethrae
631 2097 772 2194 paries,
801 2111 844 2167 ut
871 2099 1105 2191 semicanalis

93 2221 236 2304 instar,
268 2216 389 2312 paries
420 2214 600 2285 duntaxat
625 2215 798 2311 superior
827 2213 873 2285 ad
897 2217 1106 2288 extremum

98 2332 246 2434 glandis
264 2347 456 2430 pergeret,
475 2331 589 2418 laevis,
603 2343 646 2403 'et
667 2331 897 2421 subrubeus,
914 2347 951 2404 et
969 2335 1009 2404 in
1027 2360 1107 2407 me·

98 2453 162 2526 dio
182 2448 391 2524 secundum
410 2447 685 2545 longitudinem
706 2436 777 2518 tria
795 2448 969 2544 praeolare
988 2467 1109 2524 osteu-

95 2571 193 2643 dens
203 2567 331 2640 oscula
342 2567 545 2662 majorum,
559 2588 654 2662 quos
664 2565 703 2634 in
716 2564 948 2638 Adversariis
959 2567 1014 2664 (1)
1026 2592 1110 2665 pro·
1154 2583 1157 2589 “

102 2688 318 2788 posuimuS,
338 2683 656 2770 canalioulorum,
673 2680 823 2778 ellypsis
846 2679 965 2752 forma
989 2711 996 2752 :
1021 2709 1111 2780 qua·
1202 2694 1226 2699 ”
1291 2705 1295 2724 ¹

100 2805 168 2894 lia,
191 2819 228 2875 et
248 2801 355 2899 plura
379 2800 551 2898 quidem,
570 2814 607 2871 et
626 2799 820 2895 aliquanto
847 2800 1048 2896 grandiora
1071 2805 1111 2872 in

102 2923 228 3020 primo
244 2919 454 3017 praesertim
467 2917 605 3013 juvene
624 2939 956 3012 conspexeramus,
970 2941 1057 2988 cum
1072 2922 1112 2990 in

103 3039 243 3110 horum
263 3035 415 3108 nemine
436 3034 514 3106 ulla
534 3055 691 3130 usquam
705 3035 967 3130 apparuering,
981 3060 1114 3132 quam·
1223 3037 1229 3048 ‘
1332 3095 1336 3102 ,

103 3158 161 3228 vis
179 3168 319 3230 attente
340 3154 507 3251 quaesita,
526 3153 718 3221 minorum
736 3131 1032 3238 canaliculorum
1057 3151 1114 3224 fo-

106 3271 317 3360 raminula3
337 3295 382 3341 ex
403 3270 585 3340 memoria
605 3268 705 3339 enim
722 3265 947 3364 descriptam
966 3269 1116 3340 iconem

107 3388 221 3462 fuisse
240 3412 321 3459 non
343 3387 494 3474 dubim,
530 3409 645 3482 quam
670 3385 842 3481 superius
863 3383 917 3478 (a)
937 3385 1116 3474 indicavi,

108 3521 246 3606 praeter
274 3506 404 3578 oscula
435 3505 598 3575 inrecta
622 3526 697 3572 una
719 3523 788 3598 per
809 3500 976 3572 medium
1004 3503 1121 3593 linea,

109 3639 168 3696 tot
194 3623 265 3696 alia
287 3625 425 3720 passim
447 3619 494 3692 ab
512 3617 693 3692 lateribus
711 3615 894 3690 foramina
915 3644 1119 3717 repraesen·
1158 3643 1167 3716 t

153 3907 198 3985 o)
218 3907 244 3963 1·
262 3924 293 3960 n·
311 3923 357 3962 10·

151 4002 200 4086 a)
219 4004 359 4064 arna
404 4038 405 4042 κ
