2810 4668
239 457 243 468 .
297 391 368 464 550
459 415 505 464 ne
532 413 745 465 sapiensne
771 415 1130 474 caustsuonaoann

205 537 209 556 '
296 543 450 618 tantem.
475 532 593 602 Porro
618 529 757 603 canalis
777 528 939 604 urethrae
963 527 1151 604 orificium
1169 532 1209 604 in
1233 531 1306 610 hoe
1393 623 1394 630 ἵ

299 647 346 720 de
377 672 455 746 quo
482 648 588 750 loqui
613 671 820 746 coeperam,
845 648 984 745 juvene
1009 647 1064 723 ibi
1088 661 1185 737 erat,
1202 648 1307 722 unde

297 767 559 842 semicanalem
582 767 767 866 incepisse
793 767 884 853 dixi,
916 766 1072 866 paululo
1099 782 1228 843 autem
1250 769 1307 838 in·

297 883 353 956 fra
371 881 483 984 illud,
506 884 644 956 minori
665 884 782 957 altero
805 882 953 960 orificio
971 882 1307 964 iuferiorurethra

215 1037 220 1050 ·
296 1003 419 1102 paries
439 1017 517 1072 erat
535 1017 708 1100 pertusus
726 1029 734 1071 ε
751 1027 801 1074 ex
813 1017 996 1100 utroque,
1008 1001 1305 1098 aiebatjuveuis,

297 1121 445 1193 urinam
465 1119 634 1216 prodire,
645 1143 760 1217 seque
773 1122 823 1194 ita
838 1109 1116 1194 conformatum
1127 1121 1169 1192 in
1181 1121 1304 1194 lucem

298 1236 441 1311 editum
469 1259 562 1326 esse,
587 1254 742 1310 amatre
755 1241 960 1336 accepisse.
980 1241 1074 1315 Tum
1095 1253 1307 1316 curvaturae

299 1353 446 1454 glandis
473 1379 622 1429 cansam
651 1357 868 1453 inquirens,
909 1381 995 1434 cum
1024 1357 1193 1434 viderem
1221 1358 1306 1432 satis

299 1474 418 1548 laxam
436 1498 515 1564 esse
533 1491 675 1564 cutem,
691 1499 772 1572 quae
785 1473 832 1548 ad
849 1473 949 1546 illam
964 1499 1083 1572 prope
1096 1473 1244 1550 orificia
1261 1474 1305 1550 de

300 1591 440 1690 quibus
461 1591 604 1666 dietum
625 1611 699 1680 est,
714 1591 944 1681 adhaerebam
960 1617 1038 1668 non
1054 1607 1202 1666 tensam
1217 1617 1306 1666 con·

302 1723 553 1808 tractemque,
572 1725 615 1781 ut
627 1733 782 1783 curvare
795 1712 848 1784 sic
865 1723 1012 1808 posset;
1027 1711 1201 1806 quaesivi,
1215 1736 1304 1782 num

298 1846 474 1930 turgente
502 1857 618 1930 pene,
641 1832 746 1932 glans
768 1857 922 1930 quoque
944 1847 1138 1932 turgeret,
1166 1857 1304 1904 numne

299 1974 344 2024 eo
363 1965 533 2047 tempore
554 1952 703 2039 saltem,
720 1951 819 2024 ullus
836 1951 1017 2026 tensionis
1035 1948 1205 2022 molestae
1223 1975 1303 2022 sen-

299 2093 382 2154 sus,
403 2070 607 2166 praesertim
631 2069 678 2140 ad
705 2069 821 2144 modo
842 2068 1049 2146 indicatum
1067 2069 1169 2140 ontis
1186 2067 1305 2139 adha-

242 2183 244 2187 ’
299 2186 415 2258 sionis
440 2184 584 2273 locum,
607 2167 1116 2285 perciperetursUtrumque
1144 2186 1303 2280 negavit.

262 2320 270 2332 ¹
297 2308 376 2374 Hoc
405 2297 551 2374 tantum
584 2303 743 2392 addidit,
770 2305 809 2376 in
833 2305 954 2402 prima
974 2302 1177 2400 pubertate
1196 2301 1305 2376 fuisse

296 2417 367 2510 ibi,
380 2445 465 2492 cum
480 2420 648 2496 tumebat
660 2423 785 2519 penis,
802 2421 1001 2496 molestum
1012 2403 1121 2492 illum
1135 2445 1305 2507 sensum,

298 2539 365 2636 qui
388 2553 474 2636 post
501 2553 706 2613 transactos
734 2535 819 2611 illos
842 2561 963 2613 annos
988 2537 1117 2611 nullus
1143 2538 1306 2636 amplius

297 2654 425 2728 fuisset
449 2684 455 2726 :
481 2671 517 2728 et
529 2659 701 2753 quamvis
714 2681 799 2734 oum
814 2679 972 2730 uxorem
988 2657 1112 2742 duxit,
1127 2657 1239 2755 glans
1252 2656 1307 2726 aii·

275 2815 278 2824 ·
297 2767 452 2872 quando
468 2774 580 2845 simul
597 2799 684 2846 cum
700 2799 797 2872 pene
814 2775 1100 2861 intumesceret,
1121 2789 1252 2846 tamen
1264 2799 1304 2844 ex

297 2917 375 2990 quo
390 2893 523 2988 saepius
533 2894 632 2966 inter
648 2917 765 2964 vanos
777 2893 937 2964 ineundi
947 2907 1127 2980 conatus,
1143 2892 1302 2963 multum

296 3009 449 3080 seminis
444 3062 465 3122 ι,
485 3009 592 3082 citius
606 3006 809 3098 effluentis,
826 3008 1075 3107 profudissem
1090 3008 1198 3082 unde
1211 3009 1301 3106 oph·

180 3214 184 3222 Ι
292 3126 474 3226 talmiam,
491 3125 631 3209 aiebat,
649 3124 789 3200 factam
806 3151 885 3199 esse
905 3117 1099 3214 leviorem,
1118 3141 1158 3198 et
1178 3129 1298 3198 minus

291 3241 466 3322 hebetem
483 3245 622 3331 visum;
637 3267 775 3340 penem
788 3243 1055 3318 tautummodo
1071 3244 1297 3316 intumesce-
1351 3237 1354 3246 ’

289 3384 346 3447 re,
365 3359 539 3458 glandem
557 3359 770 3449 timidam,
791 3361 993 3458 omnisque
1009 3359 1218 3458 voluptatis
1238 3386 1297 3431 er·

216 3531 221 3539 .
289 3491 435 3573 partem
465 3477 641 3576 pendere.
670 3479 833 3552 Evidens
862 3493 965 3566 erat,
993 3476 1099 3576 quod
1127 3493 1295 3570 tumente

289 3592 425 3690 glande
452 3596 561 3666 uxori
589 3593 710 3671 facere
727 3621 807 3670 non
827 3609 1022 3694 potuerat,
1041 3593 1200 3668 flaccida
1221 3619 1294 3666 non

284 3709 481 3782 facturum.
507 3711 677 3784 Flaccida
694 3728 817 3786 autem
836 3739 904 3786 cur
930 3712 1007 3789 fere
1024 3712 1115 3783 olim
1136 3709 1285 3800 fuisset,

280 3844 319 3898 et
337 3853 440 3898 nunc
454 3852 602 3926 semper
617 3846 727 3920 esset,
741 3855 889 3904 oausam
903 3855 982 3904 esse
996 3829 1141 3904 credidi
1155 3830 1289 3904 malam

277 3967 394 4042 quam
412 3943 609 4043 descripsi,
628 3947 790 4020 urethrae
808 3947 1161 4032 conformationem.
1192 3953 1283 4023 Cum
