2726 4676
267 399 337 473 280
432 423 478 470 na
505 419 650 470 sautans
675 423 719 471 ar
744 421 867 470 causis
892 421 1101 472 noaroautt

266 554 419 612 auctum
438 539 505 622 iri,
523 552 664 634 quanto
681 537 796 634 magis
809 551 916 608 antea
940 538 1061 634 prima
1077 539 1147 610 ista
1167 533 1250 610 ratio

267 635 554 728 labefactaverit.
575 653 751 726 Praeclare
767 653 882 750 igitur
890 653 992 726 vides
1004 679 1087 752 quae
1103 653 1254 753 pruden-

268 790 344 846 tem
361 772 603 844 lithotomum
626 771 765 841 morari
789 769 966 859 debeant,
988 771 1035 842 ad
1054 772 1189 844 calculi
1204 797 1256 843 ex·

268 891 491 963 tractionem
509 903 594 986 post
618 887 729 986 longa
753 904 789 958 et
802 890 925 985 gravia
942 889 1154 988 aegrotantis
1170 888 1258 960 mala

268 1008 508 1078 accersitum:
535 1021 598 1076 aut
631 1007 661 1078 si
690 1003 783 1076 forte
814 1005 927 1102 hujus
951 1007 1184 1104 impatientia
1206 1031 1259 1078 ex·

270 1150 394 1198 secare
415 1123 601 1194 interdum
617 1139 790 1220 cogatur,
811 1123 904 1220 quid
916 1123 1043 1194 saltem
1062 1123 1259 1222 praedicere

272 1257 445 1340 oporteat
456 1241 513 1312 vel
532 1255 617 1338 post
628 1238 772 1312 felicem
782 1242 1030 1312 exsectionem
1043 1265 1152 1338 posse
1165 1239 1261 1328 mali,

272 1375 309 1432 et
329 1357 486 1456 periculi
507 1382 709 1456 superesse.
737 1361 817 1429 Sia
839 1355 1004 1446 calculis,
1030 1359 1155 1456 inquit
1177 1361 1259 1430 Are-

271 1491 361 1548 taeus
387 1477 458 1572 (1),
484 1495 616 1546 renum
642 1474 767 1545 ulcera
776 1475 889 1566 facta
912 1479 1009 1562 sint,
1043 1473 1260 1545 insanabiles

273 1593 360 1664 inde
372 1595 494 1665 morbi
504 1608 725 1680 nascuntur,
744 1598 818 1662 cita
835 1589 1074 1688 colliquatio,
1097 1614 1261 1688 morsque
1347 1660 1348 1688 ,

273 1711 492 1798 adveniunt,
527 1723 715 1807 praeeunte
752 1709 977 1806 Hippocrate
1020 1707 1096 1805 (a),
1124 1708 1197 1805 qui
1222 1705 1261 1777 de
1347 1689 1348 1718 l

274 1829 485 1927 suppuratis
501 1826 655 1898 renibus
673 1826 732 1896 vel
752 1826 791 1895 in
813 1826 1029 1898 universum
1043 1825 1261 1922 pronuncia-

273 1949 345 2033 vit,
359 1947 456 2017 hunc
473 1946 642 2016 morbum
657 1968 806 2042 gravem
822 1942 897 2014 es'se
908 1995 917 2031 ‚
927 1958 965 2014 et
977 1941 1113 2014 multos
1129 1967 1180 2013 ex
1191 1947 1261 2040 ipso
1350 2015 1351 2018 ,

274 2063 329 2136 ad
345 2065 468 2134 tabem
487 2061 651 2132 renalem
676 2061 884 2133 devenisse:
902 2075 939 2134 et
966 2063 995 2132 si
1017 2075 1102 2136 aetas
1121 2059 1264 2132 accedat

275 2181 437 2278 gravior,
457 2203 535 2248 non
557 2177 671 2248 modo
700 2177 758 2274 (3)
786 2203 935 2266 renum,
954 2172 992 2248 et
1016 2181 1152 2250 vesicae
1179 2183 1265 2249 vitra

271 2295 343 2386 τῷ(
362 2293 480 2366 culter
495 2301 626 2364 sanari
639 2319 652 2382 ,·
664 2319 795 2366 verum
813 2295 921 2366 etiam
939 2293 997 2391 (Δ)
1014 2319 1144 2366 renum
1162 2295 1265 2386 affec·
1353 2307 1354 2312 ’

277 2417 394 2482 tiones
410 2437 449 2482 se
476 2435 552 2482 non
568 2401 704 2484 vzdnse
724 2427 880 2484 sanatas
906 2437 1023 2510 supra
1042 2416 1267 2510 quinquage-
1354 2459 1355 2467 κ

274 2534 407 2599 simum
423 2553 573 2598 annum.
586 2528 693 2599 Haud
708 2528 882 2627 equidem
894 2529 1029 2628 ignoro
1044 2582 1054 2617 ,
1073 2542 1266 2625 quantum,

276 2641 324 2717 ut
347 2647 385 2716 in
416 2645 605 2743 plerisque
639 2645 719 2736 aliis
740 2643 875 2732 rebus,
904 2648 954 2717 ita
974 2647 1014 2716 in
1038 2643 1096 2717 his
1120 2669 1266 2744 quoque

276 2762 427 2834 fortuna
447 2762 581 2852 valeat,
602 2763 667 2860 qui
682 2761 744 2832 hic
758 2787 859 2833 anno
884 2763 975 2860 1708
993 2787 1072 2834 non
1089 2787 1186 2852 una,
1205 2783 1267 2834 nee

278 2881 349 2952 levi
372 2880 418 2951 de
452 2904 560 2982 causa
587 2879 821 2977 desperatam
853 2879 901 2951 ab
930 2879 1096 2978 Alghisio
1128 2880 1268 2978 patricii

277 2997 432 3084 Veneti,
451 3021 570 3068 annos
595 2995 756 3094 amplius
778 2996 968 3095 sexaginta
989 2999 1090 3084 nati,
1115 2997 1269 3068 curatio·

277 3139 385 3201 nem,
403 3138 492 3186 mox
508 3127 733 3210 susceptam,
763 3127 799 3185 et
829 3112 1036 3196 felicissime
1065 3113 1269 3186 absolutam

277 3231 323 3302 ab
340 3233 501 3302 Eremita
522 3230 585 3302 illo
608 3228 747 3302 Jacobo
765 3231 942 3302 Beaulieu
964 3228 1075 3303 fuisse
1095 3233 1270 3328 memine-

278 3350 373 3437 rim,
400 3347 719 3454 quemadmodum
744 3349 946 3420 sciscitanti
970 3339 1071 3420 claro
1093 3349 1176 3420 viro
1196 3351 1270 3420 Μο-

334 3666 360 3746 1)
382 3671 427 3723 De
439 3668 514 3744 sign.
529 3679 558 3723 et
570 3635 648 3724 cana.
662 3669 794 3726 diuturn.
804 3668 901 3726 morb.
914 3669 935 3725 l.
951 3687 977 3740 1,
993 3687 1019 3726 c.
1034 3669 1067 3739 3,
1080 3667 1112 3724 in
1126 3665 1181 3725 flu·

350 3769 362 3846 )
382 3769 427 3823 De
443 3769 551 3823 intera.
569 3767 666 3826 aflect.
680 3789 710 3826 n.
727 3769 772 3827 16.

350 3865 360 3946 )
383 3871 459 3926 Sect.
474 3866 506 3937 6,
522 3864 590 3941 aph.
606 3867 635 3923 6.
724 3925 726 3932 ,

317 3667 348 3844 l

316 3867 348 3946 (3

273 4039 277 4050 ,
317 3969 347 4046 (l
383 3971 427 4027 De
437 3968 535 4026 moth.
548 3970 684 4046 popular.
698 3970 719 4026 1.
735 3969 770 4042 6,
784 3979 853 4027 sect.
871 3988 899 4042 7.

376 4141 391 4169 N
