2790 4668
292 414 364 493 510
451 441 498 488 nn
525 439 672 492 scornns
697 441 741 488 rr
766 438 891 488 causis
916 437 1127 488 normann

291 553 417 630 bicare
430 553 789 646 libentiusdixisscs,
808 555 840 626 si
856 551 931 626 ulla
950 554 1055 652 puris
1069 549 1299 626 hinnissent

291 672 449 762 indicia,
462 697 506 748 ea
523 673 632 771 copia
647 669 848 770 profluxit,
863 697 978 770 quam
990 673 1087 771 septi
1097 675 1299 745 transversi

294 815 381 890 pars
400 792 653 890 sinistramon
667 787 867 880 fornicata,
883 789 949 862 sed
963 793 1089 889 potius
1105 790 1300 890 deprensa,
1386 809 1387 812 ’

296 935 382 984 cum
404 935 424 990 a
449 909 591 982 ventris
612 933 723 982 cavea
739 909 1032 1006 inspiceremus,
1060 899 1167 985 antea
1183 910 1300 1007 signi·

294 1027 480 1102 ficavcrat.
507 1025 703 1124 Ejusmodi
728 1049 815 1124 pars
845 1027 918 1098 seri
940 1025 1176 1124 peculiariter
1199 1028 1305 1100 inter

295 1145 517 1244 pulmonem
536 1145 748 1232 sinistrum,
767 1157 804 1218 et
813 1143 982 1242 pleuram
997 1169 1074 1242 qua
1081 1167 1201 1243 prope
1219 1169 1305 1218 ver-

296 1263 422 1339 tebras
441 1261 518 1336 fere
537 1262 679 1339 medias
696 1261 880 1350 thoracis,
898 1277 1020 1336 costas
1034 1261 1241 1351 vestiebat,
1259 1262 1304 1334 ad

296 1406 375 1458 non
389 1405 549 1480 parvum
568 1396 729 1454 tractum
746 1379 1065 1467 concludebatur,
1081 1403 1160 1477 quo
1176 1395 1305 1452 tractu

297 1500 399 1575 albas
414 1500 697 1587 concretiones,
710 1497 1017 1572 membranarum
1026 1499 1143 1569 instar
1158 1501 1307 1575 crassis

297 1619 499 1706 simarum,
518 1632 599 1692 tum
620 1617 774 1715 pulmo,
801 1631 882 1688 tum
911 1615 1043 1714 pleura
1069 1613 1306 1688 adhaerentes

262 1747 265 1759 '
297 1735 513 1825 habebant;
536 1759 654 1832 eaque
672 1734 853 1808 duntaxat
871 1749 977 1832 parte
994 1734 1125 1832 pulmo
1146 1731 1305 1821 durior,

299 1855 515 1951 densusque
539 1852 681 1942 factus,
710 1853 887 1926 inventus
919 1867 985 1924 est.
1021 1853 1153 1950 Neque
1178 1868 1308 1924 tamen

298 1998 396 2074 aegra
414 1973 463 2046 de
478 1971 662 2071 peculiari
683 1971 731 2044 ad
750 1971 906 2044 dorsum
923 1971 1094 2044 molestia
1120 1970 1309 2068 quereba-

298 2107 380 2180 tur,
411 2107 453 2164 ut
469 2117 595 2188 neque
610 2091 658 2164 de
674 2106 868 2190 pungente
886 2089 1041 2178 dolore,
1058 2113 1148 2162 cum
1174 2092 1308 2189 pleura
1389 2133 1390 2188 3

298 2226 464 2307 utroque
485 2211 528 2282 in
550 2209 665 2282 latere
693 2231 804 2282 rosen
840 2208 980 2284 rubore
1004 2207 1053 2280 ad
1081 2233 1163 2280 non
1192 2233 1308 2308 parva

300 2328 418 2425 spatia
435 2325 590 2400 ruberet
598 2352 751 2458 ,neque
770 2327 944 2416 demum,
964 2289 1050 2398 nain
1070 2326 1153 2398 hmo
1178 2329 1308 2400 omnia

300 2443 502 2543 diligenter
525 2445 698 2543 quaesivi,
733 2443 780 2518 de
804 2444 929 2518 cordis
959 2460 1150 2533 tremore,
1178 2461 1246 2517 aut
1263 2443 1308 2516 de
1390 2521 1391 2528 ἵ

300 2707 470 2780 unquam
484 2675 692 2779 conquesta
708 2677 852 2771 suerat,
885 2683 955 2754 etsi
971 2685 1011 2754 in
1030 2683 1250 2781 pericnrdin
1268 2707 1308 2756 ea

303 2798 538 2898 deprehendi
563 2823 648 2898 quae
679 2801 863 2872 continuo
889 2799 1112 2875 describam.
1144 2804 1310 2874 Pericar·

262 2961 265 2966 ,
304 2919 410 2998 dium
441 2932 521 2990 erat
551 2917 720 3016 amplum
747 2933 784 2990 et
808 2942 893 2990 sero
923 2899 1110 3014 ejusmodi
1129 2919 1309 3018 plenum,

304 3035 416 3134 quale
433 3037 473 3106 in
496 3034 663 3108 thoracis
688 3033 836 3108 sinistra
856 3059 968 3108 cavea
984 3034 1097 3108 fuisse
1116 3033 1217 3127 dixi3
1235 3053 1309 3110 uta

303 3157 428 3252 primo
444 3178 522 3226 non
543 3152 812 3252 pericardium‚
842 3153 908 3227 scd
928 3169 1100 3252 apertum
1128 3179 1308 3255 magnum

196 3306 199 3312 ·
304 3271 507 3370 quemdam
531 3269 744 3350 abscessum
774 3269 902 3352 videre
930 3270 1113 3346 crederes.
1146 3277 1204 3344 Eo
1231 3297 1308 3344 sero

305 3388 505 3472 exhausto,
526 3386 745 3486 superficies
761 3389 885 3460 omnis
907 3388 1107 3488 pericardii
1131 3391 1308 3475 interior,

307 3508 470 3582 exterior
483 3521 610 3582 autem
627 3505 819 3594 cordis,et
830 3507 1085 3579 auricularum
1103 3523 1142 3579 et
1159 3532 1310 3607 magno-

305 3647 392 3700 rum
404 3649 594 3714 monim,
612 3623 733 3702 lurida
747 3627 922 3724 apparuit
933 3681 943 3713 ,
953 3625 1171 3698 obducente
1186 3627 1309 3700 omnia

308 3742 632 3840 materiaquadans
644 3741 783 3822 exalbn
799 3743 1062 3834 cinerea,nihil
1073 3747 1307 3844 magisquam

306 3861 467 3949 calcem,
492 3862 626 3959 parieti
657 3860 773 3944 modo
796 3861 1008 3952 inductam,
1033 3861 1243 3954 referente3
1271 3877 1309 3933 ut

306 3983 491 4055 continuo
510 3981 552 4050 in
577 3993 742 4051 mentem
775 3982 921 4058 venerit
951 3982 1195 4070 Guarinonii‚
1226 3981 1307 4080 qui,

194 2593 201 2605 ’
301 2563 416 2646 animi
431 2559 710 2637 deiectionibus
726 2566 846 2636 autin
866 2565 1108 2654 nosocomio,
1126 2563 1308 2636 nutdomi
1388 2555 1391 2618 l
