2810 4668
314 427 383 502 562
453 407 499 498 on
526 448 672 503 sumus
697 449 741 495 rr
768 448 892 497 causis
918 451 1132 500 notrorum

215 589 217 594 ’
310 579 463 650 notare,
491 577 567 634 tam
600 561 735 633 harum
768 562 909 659 pariter
935 561 1076 638 fuisset.
1114 567 1188 640 111ae
1215 572 1323 642 enim

308 687 410 759 ultro
426 711 463 758 se
481 684 652 756 indicant
675 683 789 780 ipsae,
812 685 955 783 quippe.
974 711 1080 775 rem,
1112 691 1141 761 si
1172 669 1324 788 spectes

309 829 438 878 sexum
459 804 678 874 universum
708 816 744 872 et
770 804 944 898 regiones
964 829 1135 903 quasque
1158 834 1239 880 non
1262 837 1324 884 re·

307 922 550 1004 motissimas,
570 943 762 1016 perraram
779 943 888 1006 sane,
905 935 942 992 et
958 921 1218 996 admirabilem
1225 953 1322 1025 pro-

306 1037 479 1132 ferentes.
510 1042 564 1108 Ex
583 1037 724 1108 caeteris
751 1051 877 1106 autem
907 1038 1089 1112 omnibus.
1113 1067 1194 1138 quac
1228 1071 1321 1118 cum

305 1155 504 1256 perpaucis
531 1153 602 1225 illis
629 1153 793 1242 collate,
825 1169 930 1225 tanto
957 1157 1086 1253 plures
1116 1175 1203 1231 sunt
1232 1188 1320 1260 qua

304 1273 480 1346 videlicet
507 1273 586 1344 sine
614 1271 687 1342 illis
714 1273 1004 1370 purgationibus
1035 1299 1132 1347 sanae
1157 1279 1319 1374 quidem

302 1393 451 1477 vivunt,
471 1389 536 1462 sed
550 1413 746 1488 nunqnam
767 1391 939 1486 pariunt,
963 1407 1059 1488 quot
1082 1393 1238 1466 tandem
1262 1421 1319 1470 ca·

303 1508 440 1581 davera
461 1508 619 1579 dissecta
634 1507 747 1578 sunt?
762 1507 834 1578 nisi
849 1523 975 1580 autem
993 1509 1179 1601 disseces,
1200 1529 1316 1588 utero

302 1633 540 1713 careant,'an
561 1624 722 1723 praeditae
747 1626 837 1710 sint,
868 1641 968 1697 certe
1002 1653 1073 1699 nec
1099 1630 1207 1726 ipsae,
1244 1659 1316 1707 nec

302 1749 503 1844 quisquam
531 1743 623 1814 alius
653 1741 836 1812 docuerit.
875 1747 969 1814 Cum
991 1744 1108 1842 igitur
1133 1765 1315 1822 neutrum

300 1865 410 1936 liceat
429 1887 500 1959 pro
517 1876 621 1932 certo
635 1861 752 1946 scire,
772 1861 857 1956 quis
877 1860 1086 1957 prudenter
1102 1866 1142 1934 in
1162 1865 1223 1939 his
1245 1893 1315 1940 au·
1397 1935 1398 1968 ἒ

248 1972 251 1977 ’
301 1981 404 2068 deat,
422 1980 528 2076 quasi
552 1994 703 2048 uterum
732 1979 854 2049 inesse
884 1995 1095 2069 constaret,
1111 1983 1260 2073 obicis,
1285 1990 1314 2060 si
1397 1971 1398 2058 Ῐ

298 2096 395 2168 forte
409 2111 604 2180 occurrat,
621 2094 779 2166 tollendi
796 2120 893 2192 opus
909 2098 1101 2196 suscipere
1117 2126 1247 2198 neque
1264 2104 1308 2175 ad
1397 2125 1398 2160 1

297 2216 411 2284 vitam
431 2213 672 2299 servandam,
685 2238 811 2310 neque
827 2213 873 2284 ad
892 2219 1176 2318 aegrotationem
1195 2222 1309 2293 ullam

298 2328 537 2402 auferendam
559 2334 833 2417 necessarium,
852 2346 887 2402 et
907 2331 1062 2405 fortasse
1088 2361 1171 2407 non
1194 2340 1308 2412 modo

296 2449 447 2534 inutile,
477 2448 542 2518 sed
579 2449 689 2518 etiam
726 2449 1003 2546 periculosum,
1039 2458 1249 2550 prasertim
1278 2459 1305 2530 si

294 2565 392 2640 obex
409 2579 625 2662 opponatur
640 2590 753 2660 quem
774 2581 836 2636 aut
852 2567 981 2655 sedes,
1008 2584 1073 2639 aut
1094 2574 1302 2644 crassitudo

296 2710 466 2782 quoque,
487 2701 522 2754 et
533 2684 690 2753 durities
700 2684 900 2756 ostendant
914 2711 984 2758 nec
996 2685 1124 2776 facile,
1144 2717 1217 2762 nec
1231 2696 1304 2764 sine

294 2828 433 2898 magno
446 2801 662 2871 discrimine
683 2801 895 2872 tollendum
910 2803 924 2872 ?
937 2808 1037 2876 Duas
1056 2831 1128 2904 ego
1149 2806 1303 2880 feminas

295 2923 372 2994 scio
389 2921 494 3016 (nam
517 2919 615 2990 libro
635 2943 743 2990 careo
763 2921 801 2988 in
826 2945 903 3018 quo
928 2925 1036 2993 tertia
1052 2929 1301 3023 proponitur,

295 3040 374 3110 acl.
388 3045 548 3135 Caspare
566 3043 659 3108 Bose
676 3041 730 3131 (ι)
747 3037 893 3110 laudata
906 3068 916 3128 ;
929 3057 1100 3138 quartam
1120 3070 1215 3115 vero
1237 3049 1299 3115 im·
1396 3099 1397 3104 η

292 3156 536 3256 perforatam,
555 3171 593 3224 et¹
608 3157 686 3226 sine
704 3155 782 3226 ullo
802 3157 957 3253 quidem
970 3162 1111 3256 vaginae
1124 3165 1299 3261 vestigio,

224 3362 234 3377 ι
292 3274 356 3350 sed
377 3300 454 3345 nou
475 3277 553 3344 sine
573 3273 697 3368 aliqua
708 3288 857 3362 tamen,
878 3279 1127 3372 ,quantumvis
1158 3281 1297 3367 inutili,

230 3380 235 3389 ¹
290 3394 388 3464 uteri
411 3390 699 3462 adumbratione
724 3389 855 3479 fuisse,
897 3393 981 3491 lego
1007 3394 1066 3491 (2)
1102 3397 1220 3488 duas,
1242 3400 1295 3468 in-

291 3533 433 3606 quam,
469 3510 564 3594 scio,
595 3533 685 3604 quas
708 3511 787 3579 sine
816 3525 926 3581 utero
958 3514 998 3580 in
1025 3513 1152 3584 lucem
1181 3515 1295 3585 editas

288 3643 461 3697 anatome
490 3625 824 3714 demonstraverit,
861 3627 1016 3698 alteram
1049 3654 1071 3700 a
1104 3632 1291 3703 Columbo

328 3909 370 3990 (1)
393 3910 477 3981 Disp.
491 3907 527 3962 de
541 3909 692 3965 obstetrio.
711 3911 836 3966 errorib.
853 3923 882 3968 et
895 3923 976 3982 caet.,
990 3917 1005 3982 S
1018 3934 1033 3984 7
1046 3912 1079 3968 in
1089 3913 1141 3970 fin.

326 4007 369 4088 (a)
389 4010 474 4084 Disp.
486 4020 563 4064 anat.
577 4009 615 4064 ab
627 4011 746 4066 Hallero
758 4012 871 4069 collect.
886 4024 958 4070 tom.
970 4010 1004 4087 5,
1016 4031 1085 4092 pag.
1103 4033 1171 4087 227.
