2790 4668
251 523 253 534 ,
284 439 298 481 “
327 445 398 541 474
488 473 534 520 nn
561 471 706 521 snnrnus
730 474 774 521 nr
800 473 923 522 clusis
949 473 1157 522 nonnosum

326 580 405 688 linc
425 577 455 657 si
476 589 596 660 exitus
615 587 766 660 seminis
784 602 849 658 aut
871 587 1045 676 laxitate,
1065 603 1130 660 aut
1151 589 1314 659 erosione

324 703 473 798 patulos
501 719 591 774 tunc
611 727 760 803 semper
785 701 1019 794 ostenderet,
1048 719 1119 776 ,aut
1142 705 1205 776 illa
1223 705 1252 776 si
1276 705 1317 775 ita

250 839 253 846 ⁴
323 819 362 888 in
382 821 559 894 omnibus
576 820 786 894 exulcerata
807 837 921 910 esset,
936 837 978 894 ut
994 823 1101 895 ulcus
1116 821 1165 893 ad
1180 821 1318 894 seminis
1365 825 1371 840 ’

324 923 572 1036 canalessper
587 939 706 1040 ipsam
720 939 940 1038 glandulam
959 939 1174 1028 traductos,
1195 960 1315 1037 perve-

326 1055 447 1142 niret,
471 1056 567 1126 nihil
607 1073 704 1130 esset
735 1079 852 1129 causac
884 1079 955 1129 cur
981 1057 1134 1130 seminis
1168 1054 1318 1141 fluxum,

324 1193 473 1270 semper
500 1195 630 1244 revera
658 1187 749 1244 tunc
781 1171 862 1244 lieri
894 1195 1124 1271 negaremus.
1155 1172 1270 1268 Atqui
1286 1171 1317 1244 in

315 1283 496 1384 pluribus
532 1289 627 1360 nihil
655 1289 863 1388 quidquam
891 1289 1049 1364 istorum
1073 1303 1149 1376 est,
1185 1302 1316 1360 utnon

320 1406 436 1478 modo
456 1433 539 1505 quae
557 1406 738 1480 hactenus
756 1409 795 1477 in
814 1406 886 1479 hac
906 1407 1062 1505 epistola
1086 1406 1315 1505 scripsimus,

321 1519 397 1594 fere
413 1525 539 1594 omnia
554 1527 640 1597 satis
657 1524 881 1613 ostendunt,
901 1523 965 1596 sed
985 1524 1146 1595 aliorum
1167 1545 1314 1620 quoque
1383 1505 1384 1522 ¹

320 1638 601 1714 observationes
641 1639 897 1728 confirmant,
938 1641 978 1711 in
1013 1639 1153 1740 quibus
1192 1645 1314 1711 Terra·

318 1779 414 1830 neus
442 1759 496 1855 (1)
516 1775 588 1848 est,
617 1773 653 1830 et
674 1765 787 1858 qu'em
814 1761 892 1857 ipse
920 1759 1046 1830 laudat
1072 1757 1315 1844 Blancardus,

317 1877 554 1974 potissimum
576 1891 700 1949 autem
727 1877 880 1948 Littrius
896 1875 981 1976 (s),
1001 1875 1067 1972 qui
1090 1899 1134 1946 ex
1157 1875 1311 1973 propriis

316 1992 616 2093 inspectionibus
632 1994 798 2092 primum
822 1994 948 2066 statuit
962 1990 1201 2091 gonorrhoeae
1218 1991 1313 2063 sedes

315 2123 411 2196 tres,
430 2111 470 2179 in
486 2131 646 2207 quarum
667 2109 821 2209 singulis
841 2107 998 2181 morbus
1023 2101 1219 2181 interdum
1249 2123 1310 2194 est,

314 2225 436 2297 illaesis
453 2225 599 2298 duabus
626 2215 797 2329 reli'quis3
822 2227 868 2300 de
894 2227 1017 2306 tribus
1043 2241 1168 2300 autem
1206 2240 1311 2298 unam

315 2337 403 2414 facit
432 2360 636 2444 prostatam
668 2329 918 2444 glandulam:
957 2345 1093 2418 deinde
1130 2335 1311 2428 ostendit,

317 2479 403 2531 cum
418 2459 524 2535 sedes
543 2464 582 2533 in
602 2464 774 2561 Cowp'eri
793 2477 888 2534 esset
916 2461 1122 2562 glandulis,
1149 2462 1189 2532 in
1214 2485 1312 2560 pros·
1386 2481 1387 2510 ³

313 2593 484 2651 tatanon
504 2576 631 2668 fuisse,
651 2595 688 2652 et
705 2603 818 2679 quam
832 2578 985 2655 difficile
1000 2581 1039 2651 in
1059 2578 1181 2664 hanc,
1202 2579 1307 2650 autin

314 2698 555 2776 carunculam
584 2696 632 2769 ab
660 2697 740 2768 aliis
760 2699 861 2770 virus
882 2710 1121 2797 propagetur.
1155 2695 1252 2784 Sed,
1276 2709 1308 2766 ut

311 2811 390 2883 haec
414 2837 501 2885 vera
530 2816 621 2903 sint,
649 2815 687 2884 in
715 2815 796 2886 aliis
821 2829 965 2899 tamen,
992 2816 1094 2885 utin
1124 2812 1307 2918 plerisque

301 2945 442 3003 'eorum
460 2933 525 3028 qui
539 2931 767 3028 gonorrhoea
784 2955 898 3030 quam
917 2931 1120 3018 virulenta,
1144 2947 1182 3003 et
1199 2955 1305 3029 quam

308 3046 487 3126 diuturna
508 3048 628 3119 vexati
658 3043 818 3137 luerint,
847 3050 885 3118 in
909 3061 1074 3150 prostata
1102 3071 1262 3145 quoque
1281 3062 1310 3118 ct

307 3155 509 3236 caruncula
537 3179 729 3263 repertum
757 3175 836 3237 e'sse
857 3167 1012 3252 vitium,
1041 3161 1203 3235 inficiari
1234 3189 1304 3242 non

306 3283 401 3372 licet.
425 3275 609 3354 Utsile'am
630 3282 733 3380 quud
748 3283 898 3380 scripsit
917 3281 1235 3380 Whartonusl3),
1253 3305 1305 3353 ex·

306 3400 465 3475 cretoria
487 3413 658 3497 prostatus
678 3398 861 3496 glandulae
879 3397 1126 3486 foraminula,
1145 3397 1185 3467 in
1213 3397 1304 3470 sanis

304 3517 568 3614 inconspicua,
586 3517 624 3586 in
644 3516 716 3586 illis
736 3513 922 3588 evidenter
940 3523 1042 3588 cerni
1050 3543 1064 3604 ,·
1081 3517 1304 3615 pervulgate

307 3693 551 3708 ....—......s.-.....
760 3639 776 3669 1

343 3815 384 3895 li)
406 3819 451 3873 De
464 3817 595 3891 glandul.
612 3836 639 3873 c.
654 3816 687 3885 5,
702 3827 731 3873 st
745 3818 811 3873 obs.
829 3817 845 3872 3
864 3827 969 3890 etseq.

344 3917 386 3990 (a)
408 3917 499 3970 Mem.
515 3915 551 3970 de
564 3915 676 3972 l'Acad.
689 3933 758 3994 roy.
773 3916 825 3973 des
840 3918 886 3974 Sc.
898 3955 909 3988 ,
923 3933 971 3971 an.
987 3934 1076 3988 1711,

343 4015 387 4093 β)
408 4014 558 4090 Adenogr.
574 4035 599 4071 c.
615 4015 663 4084 31„
