2746 4674
159 447 223 494 tte.
252 437 877 510 m.nnn10netsvnnnnls‚nn1sn
905 448 977 496 xm.
1024 425 1088 521 187
1145 513 1146 516 Ἴ

99 561 153 632 nis
167 543 297 632 vesicae
322 535 434 630 testes
458 559 547 630 citat
569 561 753 632 Henricus
774 561 998 634 Meibonnius
1012 561 1095 660 (1),

97 679 161 774 qni
176 691 303 749 tamen
322 677 450 749 nescio
465 675 660 773 quomodo
671 701 784 748 unam
799 678 951 750 Hildani
966 677 1095 751 obser,-

97 795 277 866 vttienem
296 819 368 892 pro
395 793 542 865 duabus
568 775 764 892 predncat.
790 795 966 866 Eamdem
993 797 1095 866 enim

98 935 204 1008 quam
217 935 345 1009 presse
364 911 463 983 libro
478 910 525 982 de
544 911 792 1010 Lithotemia‚
808 938 887 1011 eap.
905 911 945 1001 5,
958 935 1095 982 memo·

98 1030 201 1117 revit,
223 1025 344 1102 fustus
362 1030 531 1102 centuria
548 1033 603 1119 tt,
628 1029 774 1102 observ.
804 1029 873 1117 65,
899 1030 1115 1128 descripsit

99 1145 283 1234 Hitdanus,
292 1146 425 1244 ibique
433 1131 572 1220 ulense
588 1148 718 1220 vestem
727 1171 818 1220 cavo
829 1149 868 1218 in
881 1163 1027 1219 rectum
1040 1169 1095 1218 ue

102 1264 391 1360 queintestinum
401 1265 769 1364 nequepertinensin
779 1281 931 1336 mortuo
940 1264 1095 1336 demum

101 1380 162 1452 ttto
174 1407 261 1454 sene
280 1383 328 1454 ab
348 1407 388 1454 se
407 1399 599 1481 repertum
621 1385 811 1482 proponit.
832 1385 952 1454 Multo
968 1399 1093 1455 autent

103 1499 225 1596 sepius
241 1498 577 1572 inflammationem
600 1501 638 1572 id
661 1502 831 1598 sequitur
851 1501 959 1598 quod
972 1500 1019 1574 ab
1041 1500 1093 1570 al-

103 1627 176 1687 tero
192 1643 236 1690 ex
251 1619 401 1690 citatisa
412 1618 607 1690 Meibonio
620 1617 838 1690 auctoribus
854 1615 1094 1715 Paneroto(2)

105 1747 154 1804 ter
172 1735 411 1807 observatum
428 1735 615 1824 invenies,
635 1760 832 1833 gangraena
845 1735 1034 1824 videlicet,
1053 1737 1094 1810 in

104 1849 269 1925 lethalem
287 1853 507 1952 sphacetum
523 1854 718 1926 transiens.
746 1858 824 1952 Ege
845 1868 930 1952 post
950 1851 1094 1922 inflant*

104 1971 296 2043 mationem
322 1995 405 2068 qnoe
422 1970 562 2042 diutius
581 1970 780 2043 distentam
798 1973 959 2043 vesicam
979 1972 1097 2042 corri-

103 2087 238 2182 puerit,
255 2111 450 2184 nunquam
467 2111 703 2184 gangrenam
721 2088 944 2187 ampliorem
959 2085 1095 2160 vidisse

105 2205 269 2292 memini,
294 2229 408 2301 quam
422 2205 462 2274 in
477 2206 631 2302 agrestis
649 2206 720 2276 viri
741 2231 901 2304 corpore
919 2205 1023 2304 quod
1042 2207 1096 2279 in

104 2321 331 2418 exploratum
343 2323 382 2392 in
398 2321 586 2393 theatrum
595 2325 848 2394 anatomieum
860 2325 1097 2398 Bononiense

106 2451 236 2510 temere
259 2439 425 2536 imperiti
448 2441 608 2536 juvenes
636 2442 917 2538 importandum
943 2465 1097 2514 curave*

104 2572 196 2645 tant,
210 2581 313 2630 anno
334 2557 437 2654 1706.
971 2554 993 2604 ⁴
1083 2588 1086 2596 ·

152 2697 202 2744 ιο.
225 2679 281 2760 ls,
303 2687 346 2746 ut
364 2676 494 2773 p'ostea
514 2689 751 2772 compertum
773 2691 843 2763 est,
862 2699 1019 2762 renum,
1036 2694 1098 2746 ve·

105 2793 196 2880 sice,
222 2793 287 2864 ilei
312 2793 480 2864 intestini
504 2790 830 2880 vitiisobnoxius,
850 2793 994 2888 aliquot
1021 2793 1098 2887 jam

105 2907 179 2982 dies
193 2911 343 2982 urinam
357 2899 514 2982 reddere
534 2931 612 2978 non
632 2924 814 3006 potuerat.
836 2913 967 3007 Itaque
986 2909 1100 2980 tumis

107 3027 156 3097 do
173 3044 209 3100 et
232 3029 468 3126 nigrescente
490 3028 569 3122 jam
595 3003 796 3098 abdomine
815 3043 987 3098 mortuns
1010 3042 1097 3098 erat.

108 3147 250 3218 Ventris
269 3144 448 3218 inferiora
466 3147 672 3243 praesertim
687 3146 828 3218 viscere
847 3159 883 3215 et
899 3146 939 3216 in
956 3144 1015 3216 his
1036 3167 1098 3219 ve-

109 3265 175 3334 sica
194 3263 450 3362 nigricabant‚
469 3277 513 3335 ut
531 3279 698 3336 scrotum
716 3287 870 3360 quoque
894 3277 931 3332 et
949 3260 1099 3334 hoein-

107 3393 266 3480 tercepta
280 3381 447 3455 intestini
464 3381 567 3476 quod
592 3380 668 3451 dtxi
681 3381 826 3478 pon-tie,
844 3379 1041 3477 nigredine
1058 3382 1099 3451 in

110 3515 226 3594 partes
240 3524 319 3570 non
337 3498 452 3568 modo
470 3522 601 3568 omnes
618 3499 826 3596 proximas,
841 3498 905 3569 sed
920 3497 966 3568 ad
979 3495 1100 3568 media

110 3639 219 3713 usque
231 3614 373 3687 femora
385 3639 422 3686 se
433 3614 655 3685 extendente
670 3629 734 3704 ;ut
749 3616 822 3685 cito
833 3614 990 3686 cadaver
1002 3638 1099 3712 pene
1208 3647 1209 3650 ¹

145 3892 187 3974 (ι)
207 3901 334 3957 Exercit.
349 3901 385 3956 de
398 3894 623 3968 catheterismo,
637 3894 712 3954 thes.
729 3917 775 3972 17.
807 3955 810 3962 ,
889 3937 900 3958 .

144 3995 184 4077 (a)
204 4000 402 4080 Iatrologism.
416 4009 534 4075 pentec.
550 4017 582 4072 1,
595 3999 660 4057 obs.
678 4016 725 4072 ²7·
