<?xml version="1.0" encoding="UTF-8"?>
<!DOCTYPE html PUBLIC "-//W3C//DTD XHTML 1.0 Transitional//EN"
    "http://www.w3.org/TR/xhtml1/DTD/xhtml1-transitional.dtd">
<html xmlns="http://www.w3.org/1999/xhtml" xml:lang="en" lang="en">
 <head>
  <title>
</title>
<meta http-equiv="Content-Type" content="text/html;charset=utf-8" />
  <meta name='ocr-system' content='tesseract 3.04.00' />
  <meta name='ocr-capabilities' content='ocr_page ocr_carea ocr_par ocr_line ocrx_word'/>
</head>
<body>
  <div class='ocr_page' id='page_1' title='image "./desedibusetcaus05adelgoog_0403.png"; bbox 0 0 2740 4670; ppageno 0'>
   <div class='ocr_carea' id='block_1_1' title="bbox 285 387 1124 474">
    <p class='ocr_par' dir='ltr' id='par_1_1' title="bbox 285 387 1124 474">
     <span class='ocr_line' id='line_1_1' title="bbox 285 387 1124 474; baseline -0.005 -22"><span class='ocrx_word' id='word_1_1' title='bbox 285 388 358 470; x_wconf 69' lang='lat' dir='ltr'><strong>Aoo</strong></span> <span class='ocrx_word' id='word_1_2' title='bbox 448 395 499 450; x_wconf 78' lang='lat' dir='ltr'><strong>nn</strong></span> <span class='ocrx_word' id='word_1_3' title='bbox 525 401 671 452; x_wconf 80' lang='lat' dir='ltr'><strong>surmus</strong></span> <span class='ocrx_word' id='word_1_4' title='bbox 696 403 744 474; x_wconf 38' lang='lat' dir='ltr'><strong>rr!</strong></span> <span class='ocrx_word' id='word_1_5' title='bbox 765 387 889 450; x_wconf 68' lang='lat' dir='ltr'><strong>musis</strong></span> <span class='ocrx_word' id='word_1_6' title='bbox 914 401 1124 450; x_wconf 75' lang='lat' dir='ltr'><strong>uonnonuu</strong></span> 
     </span>
    </p>
   </div>
   <div class='ocr_carea' id='block_1_2' title="bbox 261 513 1282 1082">
    <p class='ocr_par' dir='ltr' id='par_1_2' title="bbox 261 513 1282 1082">
     <span class='ocr_line' id='line_1_2' title="bbox 286 513 1277 628; baseline -0.011 -34"><span class='ocrx_word' id='word_1_7' title='bbox 286 517 363 594; x_wconf 88' lang='lat' dir='ltr'><strong>lare</strong></span> <span class='ocrx_word' id='word_1_8' title='bbox 380 517 643 615; x_wconf 85' lang='lat' dir='ltr'><strong>perrexissent.</strong></span> <span class='ocrx_word' id='word_1_9' title='bbox 662 515 887 628; x_wconf 64' lang='lat' dir='ltr'><strong>Exemplum</strong></span> <span class='ocrx_word' id='word_1_10' title='bbox 906 529 1034 588; x_wconf 89' lang='lat' dir='ltr'><strong>autem</strong></span> <span class='ocrx_word' id='word_1_11' title='bbox 1049 515 1220 594; x_wconf 79' lang='lat' dir='ltr'><strong>ultimum</strong></span> <span class='ocrx_word' id='word_1_12' title='bbox 1232 513 1277 594; x_wconf 53' lang='grc' dir='ltr'><strong>ἡ,</strong></span> 
     </span>
     <span class='ocr_line' id='line_1_3' title="bbox 261 631 1279 730; baseline -0.005 -24"><span class='ocrx_word' id='word_1_13' title='bbox 261 639 263 646; x_wconf 83' lang='grc'><strong>’</strong></span> <span class='ocrx_word' id='word_1_14' title='bbox 289 636 415 706; x_wconf 86' lang='lat' dir='ltr'><strong>cietut</strong></span> <span class='ocrx_word' id='word_1_15' title='bbox 434 635 471 704; x_wconf 90' lang='lat' dir='ltr'><strong>in</strong></span> <span class='ocrx_word' id='word_1_16' title='bbox 491 633 711 703; x_wconf 76' lang='lat' dir='ltr'><strong>memoriam</strong></span> <span class='ocrx_word' id='word_1_17' title='bbox 730 631 861 704; x_wconf 88' lang='lat' dir='ltr'><strong>redeas</strong></span> <span class='ocrx_word' id='word_1_18' title='bbox 880 655 1014 702; x_wconf 88' lang='lat' dir='ltr'><strong>eornm</strong></span> <span class='ocrx_word' id='word_1_19' title='bbox 1025 657 1108 730; x_wconf 87' lang='lat' dir='ltr'><strong>quae</strong></span> <span class='ocrx_word' id='word_1_20' title='bbox 1119 631 1166 702; x_wconf 91' lang='lat' dir='ltr'><strong>de</strong></span> <span class='ocrx_word' id='word_1_21' title='bbox 1178 632 1279 728; x_wconf 85' lang='lat' dir='ltr'><strong>origi·</strong></span> 
     </span>
     <span class='ocr_line' id='line_1_4' title="bbox 286 747 1279 849; baseline -0.005 -26"><span class='ocrx_word' id='word_1_22' title='bbox 286 777 336 824; x_wconf 90' lang='lat' dir='ltr'><strong>ne</strong></span> <span class='ocrx_word' id='word_1_23' title='bbox 349 750 570 849; x_wconf 80' lang='lat' dir='ltr'><strong>hydatidum</strong></span> <span class='ocrx_word' id='word_1_24' title='bbox 585 751 724 846; x_wconf 91' lang='lat' dir='ltr'><strong>pariter</strong></span> <span class='ocrx_word' id='word_1_25' title='bbox 741 773 787 820; x_wconf 86' lang='lat' dir='ltr'><strong>ex</strong></span> <span class='ocrx_word' id='word_1_26' title='bbox 802 748 1005 820; x_wconf 83' lang='lat' dir='ltr'><strong>mulierum</strong></span> <span class='ocrx_word' id='word_1_27' title='bbox 1020 747 1180 822; x_wconf 85' lang='lat' dir='ltr'><strong>testibus</strong></span> <span class='ocrx_word' id='word_1_28' title='bbox 1196 773 1279 846; x_wconf 89' lang='lat' dir='ltr'><strong>pen·</strong></span> 
     </span>
     <span class='ocr_line' id='line_1_5' title="bbox 288 865 1279 964; baseline -0.005 -24"><span class='ocrx_word' id='word_1_29' title='bbox 288 868 457 940; x_wconf 91' lang='lat' dir='ltr'><strong>dentium</strong></span> <span class='ocrx_word' id='word_1_30' title='bbox 482 866 638 964; x_wconf 89' lang='lat' dir='ltr'><strong>epistola</strong></span> <span class='ocrx_word' id='word_1_31' title='bbox 664 866 852 964; x_wconf 88' lang='lat' dir='ltr'><strong>attigimus</strong></span> <span class='ocrx_word' id='word_1_32' title='bbox 876 869 1068 938; x_wconf 82' lang='lat' dir='ltr'><strong>XXXVIII</strong></span> <span class='ocrx_word' id='word_1_33' title='bbox 1089 865 1158 963; x_wconf 89' lang='lat'><strong>(1).</strong></span> <span class='ocrx_word' id='word_1_34' title='bbox 1181 866 1279 938; x_wconf 84' lang='lat' dir='ltr'><strong>Plura</strong></span> 
     </span>
     <span class='ocr_line' id='line_1_6' title="bbox 286 981 1282 1082; baseline -0.005 -25"><span class='ocrx_word' id='word_1_35' title='bbox 286 1010 378 1058; x_wconf 85' lang='lat' dir='ltr'><strong>vero</strong></span> <span class='ocrx_word' id='word_1_36' title='bbox 395 1009 476 1082; x_wconf 85' lang='lat' dir='ltr'><strong>quae</strong></span> <span class='ocrx_word' id='word_1_37' title='bbox 496 982 548 1054; x_wconf 92' lang='lat' dir='ltr'><strong>ibi</strong></span> <span class='ocrx_word' id='word_1_38' title='bbox 560 981 614 1080; x_wconf 79' lang='lat' dir='ltr'><strong>(a)</strong></span> <span class='ocrx_word' id='word_1_39' title='bbox 632 982 679 1054; x_wconf 90' lang='lat' dir='ltr'><strong>de</strong></span> <span class='ocrx_word' id='word_1_40' title='bbox 696 981 937 1079; x_wconf 87' lang='lat' dir='ltr'><strong>hydatidibus</strong></span> <span class='ocrx_word' id='word_1_41' title='bbox 956 986 1094 1082; x_wconf 88' lang='lat' dir='ltr'><strong>scripta</strong></span> <span class='ocrx_word' id='word_1_42' title='bbox 1120 999 1221 1070; x_wconf 89' lang='lat' dir='ltr'><strong>sunt,</strong></span> <span class='ocrx_word' id='word_1_43' title='bbox 1245 998 1282 1052; x_wconf 90' lang='lat' dir='ltr'><strong>ut</strong></span> 
     </span>
    </p>
   </div>
   <div class='ocr_carea' id='block_1_3' title="bbox 185 1099 1282 1198">
    <p class='ocr_par' dir='ltr' id='par_1_3' title="bbox 185 1099 1282 1198">
     <span class='ocr_line' id='line_1_7' title="bbox 185 1099 1282 1198; baseline -0.002 -26"><span class='ocrx_word' id='word_1_44' title='bbox 185 1105 190 1116; x_wconf 83' lang='lat'><em>&#39;</em></span> <span class='ocrx_word' id='word_1_45' title='bbox 287 1105 333 1174; x_wconf 90' lang='lat' dir='ltr'><strong>iis</strong></span> <span class='ocrx_word' id='word_1_46' title='bbox 358 1101 590 1173; x_wconf 84' lang='lat' dir='ltr'><strong>illustrantur</strong></span> <span class='ocrx_word' id='word_1_47' title='bbox 616 1125 698 1198; x_wconf 89' lang='lat' dir='ltr'><strong>quae</strong></span> <span class='ocrx_word' id='word_1_48' title='bbox 719 1100 781 1173; x_wconf 91' lang='lat' dir='ltr'><strong>hic</strong></span> <span class='ocrx_word' id='word_1_49' title='bbox 803 1099 1040 1189; x_wconf 86' lang='lat' dir='ltr'><strong>scribuntur,</strong></span> <span class='ocrx_word' id='word_1_50' title='bbox 1055 1102 1111 1188; x_wconf 79' lang='lat' dir='ltr'><strong>ita·</strong></span> <span class='ocrx_word' id='word_1_51' title='bbox 1130 1101 1282 1194; x_wconf 85' lang='lat' dir='ltr'><strong>¹vicissim</strong></span> 
     </span>
    </p>
   </div>
   <div class='ocr_carea' id='block_1_4' title="bbox 206 1215 1288 2845">
    <p class='ocr_par' dir='ltr' id='par_1_4' title="bbox 206 1215 1286 1903">
     <span class='ocr_line' id='line_1_8' title="bbox 288 1215 1281 1317; baseline -0.004 -29"><span class='ocrx_word' id='word_1_52' title='bbox 288 1217 373 1308; x_wconf 89' lang='lat' dir='ltr'><strong>illa,</strong></span> <span class='ocrx_word' id='word_1_53' title='bbox 391 1219 420 1290; x_wconf 92' lang='lat' dir='ltr'><strong>si</strong></span> <span class='ocrx_word' id='word_1_54' title='bbox 433 1217 593 1317; x_wconf 87' lang='lat' dir='ltr'><strong>relegas,</strong></span> <span class='ocrx_word' id='word_1_55' title='bbox 614 1217 661 1288; x_wconf 86' lang='lat' dir='ltr'><strong>ad</strong></span> <span class='ocrx_word' id='word_1_56' title='bbox 675 1216 814 1290; x_wconf 91' lang='lat' dir='ltr'><strong>horum</strong></span> <span class='ocrx_word' id='word_1_57' title='bbox 830 1215 967 1290; x_wconf 89' lang='lat' dir='ltr'><strong>facient</strong></span> <span class='ocrx_word' id='word_1_58' title='bbox 990 1217 1281 1290; x_wconf 84' lang='lat' dir='ltr'><strong>illustrationem.</strong></span> 
     </span>
     <span class='ocr_line' id='line_1_9' title="bbox 206 1333 1284 1434; baseline -0.002 -28"><span class='ocrx_word' id='word_1_59' title='bbox 206 1409 212 1422; x_wconf 29' lang='lat'>⁸</span> <span class='ocrx_word' id='word_1_60' title='bbox 290 1333 543 1427; x_wconf 88' lang='lat' dir='ltr'><strong>Quamobrem</strong></span> <span class='ocrx_word' id='word_1_61' title='bbox 553 1335 732 1433; x_wconf 83' lang='lat' dir='ltr'><strong>exemplis</strong></span> <span class='ocrx_word' id='word_1_62' title='bbox 746 1334 808 1406; x_wconf 89' lang='lat' dir='ltr'><strong>hic</strong></span> <span class='ocrx_word' id='word_1_63' title='bbox 821 1334 1150 1434; x_wconf 88' lang='lat' dir='ltr'><strong>supersedebimus</strong></span> <span class='ocrx_word' id='word_1_64' title='bbox 1160 1360 1284 1406; x_wconf 87' lang='lat' dir='ltr'><strong>eorum</strong></span> 
     </span>
     <span class='ocr_line' id='line_1_10' title="bbox 291 1450 1284 1550; baseline -0.003 -26"><span class='ocrx_word' id='word_1_65' title='bbox 291 1477 374 1550; x_wconf 85' lang='lat' dir='ltr'><strong>quae</strong></span> <span class='ocrx_word' id='word_1_66' title='bbox 392 1450 631 1548; x_wconf 85' lang='lat' dir='ltr'><strong>hydatidibus</strong></span> <span class='ocrx_word' id='word_1_67' title='bbox 646 1451 776 1524; x_wconf 87' lang='lat' dir='ltr'><strong>itidem</strong></span> <span class='ocrx_word' id='word_1_68' title='bbox 793 1453 873 1548; x_wconf 83' lang='lat' dir='ltr'><strong>aliis</strong></span> <span class='ocrx_word' id='word_1_69' title='bbox 889 1453 929 1522; x_wconf 88' lang='lat' dir='ltr'><strong>in</strong></span> <span class='ocrx_word' id='word_1_70' title='bbox 947 1451 1119 1550; x_wconf 90' lang='lat' dir='ltr'><strong>partibus</strong></span> <span class='ocrx_word' id='word_1_71' title='bbox 1145 1453 1284 1523; x_wconf 85' lang='lat' dir='ltr'><strong>contin·</strong></span> 
     </span>
     <span class='ocr_line' id='line_1_11' title="bbox 292 1569 1286 1670; baseline -0.003 -29"><span class='ocrx_word' id='word_1_72' title='bbox 292 1586 404 1670; x_wconf 84' lang='lat' dir='ltr'><strong>gunt,</strong></span> <span class='ocrx_word' id='word_1_73' title='bbox 421 1585 462 1663; x_wconf 90' lang='lat' dir='ltr'><strong>ut</strong></span> <span class='ocrx_word' id='word_1_74' title='bbox 475 1571 514 1640; x_wconf 93' lang='lat' dir='ltr'><strong>in</strong></span> <span class='ocrx_word' id='word_1_75' title='bbox 529 1571 696 1641; x_wconf 87' lang='lat' dir='ltr'><strong>virorum</strong></span> <span class='ocrx_word' id='word_1_76' title='bbox 710 1570 899 1643; x_wconf 87' lang='lat' dir='ltr'><strong>testiculis.</strong></span> <span class='ocrx_word' id='word_1_77' title='bbox 909 1575 954 1640; x_wconf 92' lang='lat' dir='ltr'><strong>In</strong></span> <span class='ocrx_word' id='word_1_78' title='bbox 966 1569 1106 1668; x_wconf 91' lang='lat' dir='ltr'><strong>quibus</strong></span> <span class='ocrx_word' id='word_1_79' title='bbox 1114 1570 1193 1665; x_wconf 85' lang='lat' dir='ltr'><strong>jam</strong></span> <span class='ocrx_word' id='word_1_80' title='bbox 1204 1593 1286 1640; x_wconf 88' lang='lat' dir='ltr'><strong>eam·</strong></span> 
     </span>
     <span class='ocr_line' id='line_1_12' title="bbox 293 1686 1286 1795; baseline -0.003 -36"><span class='ocrx_word' id='word_1_81' title='bbox 293 1686 378 1795; x_wconf 80' lang='lat' dir='ltr'><strong>dem</strong></span> <span class='ocrx_word' id='word_1_82' title='bbox 406 1689 659 1758; x_wconf 89' lang='lat' dir='ltr'><strong>mutationum</strong></span> <span class='ocrx_word' id='word_1_83' title='bbox 677 1689 808 1774; x_wconf 89' lang='lat' dir='ltr'><strong>seriem</strong></span> <span class='ocrx_word' id='word_1_84' title='bbox 828 1713 977 1759; x_wconf 85' lang='lat' dir='ltr'><strong>mecum</strong></span> <span class='ocrx_word' id='word_1_85' title='bbox 1005 1686 1286 1760; x_wconf 82' lang='lat' dir='ltr'><strong>exobservatio</strong></span> 
     </span>
     <span class='ocr_line' id='line_1_13' title="bbox 292 1805 662 1903; baseline -0.014 -24"><span class='ocrx_word' id='word_1_86' title='bbox 292 1805 407 1888; x_wconf 85' lang='lat' dir='ltr'><strong>nibus</strong></span> <span class='ocrx_word' id='word_1_87' title='bbox 422 1829 662 1903; x_wconf 82' lang='lat' dir='ltr'><strong>recognosce.</strong></span> 
     </span>
    </p>

    <p class='ocr_par' dir='ltr' id='par_1_5' title="bbox 211 1920 1288 2845">
     <span class='ocr_line' id='line_1_14' title="bbox 345 1920 1286 2020; baseline -0.002 -28"><span class='ocrx_word' id='word_1_88' title='bbox 345 1948 402 2002; x_wconf 76' lang='lat'><strong>21·</strong></span> <span class='ocrx_word' id='word_1_89' title='bbox 421 1927 464 1992; x_wconf 91' lang='lat' dir='ltr'><strong>Et</strong></span> <span class='ocrx_word' id='word_1_90' title='bbox 476 1925 641 2020; x_wconf 91' lang='lat' dir='ltr'><strong>primum</strong></span> <span class='ocrx_word' id='word_1_91' title='bbox 660 1920 716 1994; x_wconf 78' lang='lat' dir='ltr'><strong>fac</strong></span> <span class='ocrx_word' id='word_1_92' title='bbox 734 1923 949 2012; x_wconf 86' lang='lat' dir='ltr'><strong>memineris</strong></span> <span class='ocrx_word' id='word_1_93' title='bbox 961 1975 971 2010; x_wconf 92' lang='lat'>‚</span> <span class='ocrx_word' id='word_1_94' title='bbox 984 1923 1084 1992; x_wconf 83' lang='lat' dir='ltr'><strong>utin</strong></span> <span class='ocrx_word' id='word_1_95' title='bbox 1096 1921 1221 2009; x_wconf 87' lang='lat' dir='ltr'><strong>lanio,</strong></span> <span class='ocrx_word' id='word_1_96' title='bbox 1240 1945 1286 1991; x_wconf 88' lang='lat' dir='ltr'><strong>cn·</strong></span> 
     </span>
     <span class='ocr_line' id='line_1_15' title="bbox 295 2039 1286 2139; baseline -0.003 -28"><span class='ocrx_word' id='word_1_97' title='bbox 295 2042 356 2137; x_wconf 84' lang='lat' dir='ltr'><strong>jus</strong></span> <span class='ocrx_word' id='word_1_98' title='bbox 368 2039 637 2112; x_wconf 82' lang='lat' dir='ltr'><strong>&#39;dissertionem</strong></span> <span class='ocrx_word' id='word_1_99' title='bbox 650 2041 806 2139; x_wconf 85' lang='lat' dir='ltr'><strong>epistola</strong></span> <span class='ocrx_word' id='word_1_100' title='bbox 821 2039 908 2112; x_wconf 82' lang='lat' dir='ltr'><strong>dedi</strong></span> <span class='ocrx_word' id='word_1_101' title='bbox 920 2045 1007 2111; x_wconf 87' lang='lat' dir='ltr'><strong>XXI</strong></span> <span class='ocrx_word' id='word_1_102' title='bbox 1019 2039 1086 2138; x_wconf 84' lang='lat'>(3),</span> <span class='ocrx_word' id='word_1_103' title='bbox 1098 2065 1186 2111; x_wconf 90' lang='lat' dir='ltr'><strong>cum</strong></span> <span class='ocrx_word' id='word_1_104' title='bbox 1200 2042 1286 2110; x_wconf 85' lang='lat' dir='ltr'><strong>intra</strong></span> 
     </span>
     <span class='ocr_line' id='line_1_16' title="bbox 296 2156 1288 2256; baseline -0.002 -28"><span class='ocrx_word' id='word_1_105' title='bbox 296 2156 505 2254; x_wconf 84' lang='lat' dir='ltr'><strong>vaginalem</strong></span> <span class='ocrx_word' id='word_1_106' title='bbox 523 2172 724 2255; x_wconf 84' lang='lat' dir='ltr'><strong>utramque</strong></span> <span class='ocrx_word' id='word_1_107' title='bbox 740 2173 835 2230; x_wconf 87' lang='lat' dir='ltr'><strong>esset</strong></span> <span class='ocrx_word' id='word_1_108' title='bbox 847 2183 945 2256; x_wconf 90' lang='lat' dir='ltr'><strong>aqua</strong></span> <span class='ocrx_word' id='word_1_109' title='bbox 963 2156 1153 2245; x_wconf 84' lang='lat' dir='ltr'><strong>subflava,</strong></span> <span class='ocrx_word' id='word_1_110' title='bbox 1181 2156 1288 2254; x_wconf 80' lang='lat' dir='ltr'><strong>hyda·</strong></span> 
     </span>
     <span class='ocr_line' id='line_1_17' title="bbox 298 2271 1286 2373; baseline -0.002 -29"><span class='ocrx_word' id='word_1_111' title='bbox 298 2273 408 2360; x_wconf 61' lang='lat' dir='ltr'><strong>tides</strong></span> <span class='ocrx_word' id='word_1_112' title='bbox 427 2298 510 2370; x_wconf 87' lang='lat' dir='ltr'><strong>quae</strong></span> <span class='ocrx_word' id='word_1_113' title='bbox 526 2273 643 2364; x_wconf 87' lang='lat' dir='ltr'><strong>banc,</strong></span> <span class='ocrx_word' id='word_1_114' title='bbox 658 2277 816 2373; x_wconf 88' lang='lat' dir='ltr'><strong>opinor,</strong></span> <span class='ocrx_word' id='word_1_115' title='bbox 835 2301 913 2346; x_wconf 88' lang='lat' dir='ltr'><strong>non</strong></span> <span class='ocrx_word' id='word_1_116' title='bbox 931 2277 983 2348; x_wconf 88' lang='lat' dir='ltr'><strong>ita</strong></span> <span class='ocrx_word' id='word_1_117' title='bbox 1000 2275 1065 2346; x_wconf 93' lang='lat' dir='ltr'><strong>diu</strong></span> <span class='ocrx_word' id='word_1_118' title='bbox 1077 2290 1189 2346; x_wconf 88' lang='lat' dir='ltr'><strong>antea</strong></span> <span class='ocrx_word' id='word_1_119' title='bbox 1208 2271 1286 2346; x_wconf 83' lang='lat' dir='ltr'><strong>effn-</strong></span> 
     </span>
     <span class='ocr_line' id='line_1_18' title="bbox 295 2390 1288 2490; baseline 0.002 -30"><span class='ocrx_word' id='word_1_120' title='bbox 295 2390 454 2480; x_wconf 75' lang='lat' dir='ltr'><strong>derant,</strong></span> <span class='ocrx_word' id='word_1_121' title='bbox 471 2397 714 2490; x_wconf 88' lang='lat' dir='ltr'><strong>apparuerint</strong></span> <span class='ocrx_word' id='word_1_122' title='bbox 731 2393 825 2464; x_wconf 90' lang='lat' dir='ltr'><strong>mihi</strong></span> <span class='ocrx_word' id='word_1_123' title='bbox 839 2393 1008 2466; x_wconf 83' lang='lat' dir='ltr'><strong>vesiculae</strong></span> <span class='ocrx_word' id='word_1_124' title='bbox 1020 2394 1139 2465; x_wconf 89' lang='lat' dir='ltr'><strong>instar</strong></span> <span class='ocrx_word' id='word_1_125' title='bbox 1147 2420 1195 2466; x_wconf 86' lang='lat' dir='ltr'><strong>ex</strong></span> <span class='ocrx_word' id='word_1_126' title='bbox 1210 2414 1288 2465; x_wconf 87' lang='lat' dir='ltr'><strong>cras·</strong></span> 
     </span>
     <span class='ocr_line' id='line_1_19' title="bbox 301 2506 1288 2608; baseline -0.002 -30"><span class='ocrx_word' id='word_1_127' title='bbox 301 2506 371 2594; x_wconf 88' lang='lat' dir='ltr'><strong>sis,</strong></span> <span class='ocrx_word' id='word_1_128' title='bbox 389 2509 551 2604; x_wconf 70' lang='lat' dir='ltr'><strong>questum</strong></span> <span class='ocrx_word' id='word_1_129' title='bbox 575 2532 613 2580; x_wconf 90' lang='lat' dir='ltr'><strong>se</strong></span> <span class='ocrx_word' id='word_1_130' title='bbox 633 2511 817 2581; x_wconf 87' lang='lat' dir='ltr'><strong>contracti</strong></span> <span class='ocrx_word' id='word_1_131' title='bbox 838 2525 979 2600; x_wconf 86' lang='lat' dir='ltr'><strong>essent,</strong></span> <span class='ocrx_word' id='word_1_132' title='bbox 997 2509 1208 2608; x_wconf 88' lang='lat' dir='ltr'><strong>parietibus</strong></span> <span class='ocrx_word' id='word_1_133' title='bbox 1227 2507 1288 2578; x_wconf 85' lang='lat' dir='ltr'><strong>fac·</strong></span> 
     </span>
     <span class='ocr_line' id='line_1_20' title="bbox 211 2623 1287 2725; baseline 0.003 -32"><span class='ocrx_word' id='word_1_134' title='bbox 211 2655 213 2660; x_wconf 96' lang='lat'>·</span> <span class='ocrx_word' id='word_1_135' title='bbox 298 2638 364 2714; x_wconf 79' lang='lat' dir='ltr'><strong>tae,</strong></span> <span class='ocrx_word' id='word_1_136' title='bbox 382 2623 545 2723; x_wconf 80' lang='lat' dir='ltr'><strong>ideoque</strong></span> <span class='ocrx_word' id='word_1_137' title='bbox 570 2626 647 2722; x_wconf 84' lang='lat' dir='ltr'><strong>jam</strong></span> <span class='ocrx_word' id='word_1_138' title='bbox 673 2627 952 2725; x_wconf 88' lang='lat' dir='ltr'><strong>propemodum</strong></span> <span class='ocrx_word' id='word_1_139' title='bbox 984 2627 1126 2713; x_wconf 77' lang='lat' dir='ltr'><strong>solidae,</strong></span> <span class='ocrx_word' id='word_1_140' title='bbox 1160 2627 1287 2698; x_wconf 86' lang='lat' dir='ltr'><strong>carnei·</strong></span> 
     </span>
     <span class='ocr_line' id='line_1_21' title="bbox 301 2733 1285 2845; baseline 0.003 -32"><span class='ocrx_word' id='word_1_141' title='bbox 301 2766 375 2840; x_wconf 85' lang='lat' dir='ltr'><strong>que</strong></span> <span class='ocrx_word' id='word_1_142' title='bbox 390 2742 544 2834; x_wconf 78' lang='lat' dir='ltr'><strong>coloriS‚</strong></span> <span class='ocrx_word' id='word_1_143' title='bbox 565 2741 612 2814; x_wconf 92' lang='lat' dir='ltr'><strong>ab</strong></span> <span class='ocrx_word' id='word_1_144' title='bbox 632 2743 829 2844; x_wconf 87' lang='lat' dir='ltr'><strong>albuginea</strong></span> <span class='ocrx_word' id='word_1_145' title='bbox 849 2771 969 2845; x_wconf 88' lang='lat' dir='ltr'><strong>prope</strong></span> <span class='ocrx_word' id='word_1_146' title='bbox 985 2733 1170 2844; x_wconf 63' lang='lat' dir='ltr'><strong>majorem⁴</strong></span> <span class='ocrx_word' id='word_1_147' title='bbox 1186 2743 1285 2844; x_wconf 87' lang='lat' dir='ltr'><strong>epidi-</strong></span> 
     </span>
    </p>
   </div>
   <div class='ocr_carea' id='block_1_5' title="bbox 188 2858 1287 2961">
    <p class='ocr_par' dir='ltr' id='par_1_6' title="bbox 188 2858 1287 2961">
     <span class='ocr_line' id='line_1_22' title="bbox 188 2858 1287 2961; baseline 0.003 -30"><span class='ocrx_word' id='word_1_148' title='bbox 188 2871 190 2876; x_wconf 81' lang='grc'>’</span> <span class='ocrx_word' id='word_1_149' title='bbox 301 2858 463 2956; x_wconf 81' lang='lat' dir='ltr'><strong>dymidis</strong></span> <span class='ocrx_word' id='word_1_150' title='bbox 480 2860 658 2958; x_wconf 85' lang='lat' dir='ltr'><strong>globum,</strong></span> <span class='ocrx_word' id='word_1_151' title='bbox 674 2861 807 2934; x_wconf 89' lang='lat' dir='ltr'><strong>eodem</strong></span> <span class='ocrx_word' id='word_1_152' title='bbox 820 2885 977 2961; x_wconf 89' lang='lat' dir='ltr'><strong>prorsus</strong></span> <span class='ocrx_word' id='word_1_153' title='bbox 996 2888 1017 2932; x_wconf 90' lang='lat' dir='ltr'><strong>a</strong></span> <span class='ocrx_word' id='word_1_154' title='bbox 1042 2863 1183 2936; x_wconf 86' lang='lat' dir='ltr'><strong>dextris</strong></span> <span class='ocrx_word' id='word_1_155' title='bbox 1196 2867 1287 2942; x_wconf 65' lang='lat' dir='ltr'><strong>sinis,-</strong></span> 
     </span>
    </p>
   </div>
   <div class='ocr_carea' id='block_1_6' title="bbox 290 2977 1287 3430">
    <p class='ocr_par' dir='ltr' id='par_1_7' title="bbox 290 2977 1287 3430">
     <span class='ocr_line' id='line_1_23' title="bbox 299 2977 1286 3082; baseline 0.005 -36"><span class='ocrx_word' id='word_1_156' title='bbox 299 2977 444 3072; x_wconf 78' lang='lat' dir='ltr'><strong>triSque</strong></span> <span class='ocrx_word' id='word_1_157' title='bbox 471 2977 573 3068; x_wconf 84' lang='lat' dir='ltr'><strong>loco,</strong></span> <span class='ocrx_word' id='word_1_158' title='bbox 609 3003 678 3076; x_wconf 89' lang='lat' dir='ltr'><strong>per</strong></span> <span class='ocrx_word' id='word_1_159' title='bbox 713 3004 821 3050; x_wconf 88' lang='lat' dir='ltr'><strong>suum</strong></span> <span class='ocrx_word' id='word_1_160' title='bbox 851 2981 1112 3078; x_wconf 87' lang='lat' dir='ltr'><strong>pedunculum</strong></span> <span class='ocrx_word' id='word_1_161' title='bbox 1138 3007 1286 3082; x_wconf 88' lang='lat' dir='ltr'><strong>propen-</strong></span> 
     </span>
     <span class='ocr_line' id='line_1_24' title="bbox 303 3091 1287 3195; baseline 0.006 -33"><span class='ocrx_word' id='word_1_162' title='bbox 303 3091 435 3178; x_wconf 81' lang='lat' dir='ltr'><strong>dentis.</strong></span> <span class='ocrx_word' id='word_1_163' title='bbox 472 3095 587 3184; x_wconf 86' lang='lat' dir='ltr'><strong>Hinc,</strong></span> <span class='ocrx_word' id='word_1_164' title='bbox 620 3111 665 3166; x_wconf 85' lang='lat' dir='ltr'><strong>ut</strong></span> <span class='ocrx_word' id='word_1_165' title='bbox 694 3095 733 3166; x_wconf 95' lang='lat' dir='ltr'><strong>id</strong></span> <span class='ocrx_word' id='word_1_166' title='bbox 768 3096 891 3169; x_wconf 88' lang='lat' dir='ltr'><strong>obiter</strong></span> <span class='ocrx_word' id='word_1_167' title='bbox 918 3101 1166 3195; x_wconf 81' lang='lat' dir='ltr'><strong>interjiciani,</strong></span> <span class='ocrx_word' id='word_1_168' title='bbox 1201 3098 1287 3172; x_wconf 83' lang='lat' dir='ltr'><strong>facile</strong></span> 
     </span>
     <span class='ocr_line' id='line_1_25' title="bbox 301 3210 1287 3314; baseline 0.003 -34"><span class='ocrx_word' id='word_1_169' title='bbox 301 3210 487 3309; x_wconf 78' lang='lat' dir='ltr'><strong>intelliges</strong></span> <span class='ocrx_word' id='word_1_170' title='bbox 506 3211 597 3310; x_wconf 91' lang='lat' dir='ltr'><strong>quid</strong></span> <span class='ocrx_word' id='word_1_171' title='bbox 613 3213 677 3283; x_wconf 89' lang='lat' dir='ltr'><strong>illa</strong></span> <span class='ocrx_word' id='word_1_172' title='bbox 687 3211 798 3286; x_wconf 85' lang='lat' dir='ltr'><strong>fuerit</strong></span> <span class='ocrx_word' id='word_1_173' title='bbox 815 3215 932 3288; x_wconf 83' lang='lat' dir='ltr'><strong>veluti</strong></span> <span class='ocrx_word' id='word_1_174' title='bbox 951 3218 1129 3314; x_wconf 82' lang='lat' dir='ltr'><strong>glandula</strong></span> <span class='ocrx_word' id='word_1_175' title='bbox 1149 3238 1287 3290; x_wconf 85' lang='lat' dir='ltr'><strong>carnosa</strong></span> 
     </span>
     <span class='ocr_line' id='line_1_26' title="bbox 290 3333 1286 3430; baseline 0.012 -33"><span class='ocrx_word' id='word_1_176' title='bbox 290 3352 418 3424; x_wconf 86' lang='lat' dir='ltr'><strong>¹quam</strong></span> <span class='ocrx_word' id='word_1_177' title='bbox 459 3355 528 3427; x_wconf 89' lang='lat' dir='ltr'><strong>per</strong></span> <span class='ocrx_word' id='word_1_178' title='bbox 560 3355 668 3430; x_wconf 87' lang='lat' dir='ltr'><strong>suum</strong></span> <span class='ocrx_word' id='word_1_179' title='bbox 703 3333 887 3430; x_wconf 85' lang='lat' dir='ltr'><strong>petiolum</strong></span> <span class='ocrx_word' id='word_1_180' title='bbox 914 3360 935 3404; x_wconf 90' lang='lat' dir='ltr'><strong>a</strong></span> <span class='ocrx_word' id='word_1_181' title='bbox 968 3334 1144 3407; x_wconf 89' lang='lat' dir='ltr'><strong>muliebri</strong></span> <span class='ocrx_word' id='word_1_182' title='bbox 1177 3334 1286 3408; x_wconf 79' lang='lat' dir='ltr'><strong>orario</strong></span> 
     </span>
    </p>
   </div>
   <div class='ocr_carea' id='block_1_7' title="bbox 343 3686 627 3882">
    <p class='ocr_par' dir='ltr' id='par_1_8' title="bbox 343 3686 627 3882">
     <span class='ocr_line' id='line_1_27' title="bbox 343 3686 621 3764; baseline 0 -20"><span class='ocrx_word' id='word_1_183' title='bbox 343 3686 621 3764; x_wconf 53' lang='lat' dir='ltr'><strong>mstssmffi</strong></span> 
     </span>
     <span class='ocr_line' id='line_1_28' title="bbox 346 3799 627 3882; baseline -0.011 -22"><span class='ocrx_word' id='word_1_184' title='bbox 346 3799 387 3882; x_wconf 83' lang='lat' dir='ltr'><strong>(a)</strong></span> <span class='ocrx_word' id='word_1_185' title='bbox 409 3805 447 3860; x_wconf 88' lang='lat' dir='ltr'><strong>N.</strong></span> <span class='ocrx_word' id='word_1_186' title='bbox 471 3801 508 3858; x_wconf 77' lang='lat'><strong>35</strong></span> <span class='ocrx_word' id='word_1_187' title='bbox 521 3815 549 3857; x_wconf 89' lang='lat' dir='ltr'><strong>et</strong></span> <span class='ocrx_word' id='word_1_188' title='bbox 565 3821 627 3878; x_wconf 74' lang='lat' dir='ltr'><strong>seq.</strong></span> 
     </span>
    </p>
   </div>
   <div class='ocr_carea' id='block_1_8' title="bbox 338 3916 516 4002">
    <p class='ocr_par' dir='ltr' id='par_1_9' title="bbox 338 3916 516 4002">
     <span class='ocr_line' id='line_1_29' title="bbox 338 3916 516 4002; baseline 0 -2"><span class='ocrx_word' id='word_1_189' title='bbox 338 3916 385 4000; x_wconf 72' lang='lat' dir='ltr'><strong>p)</strong></span> <span class='ocrx_word' id='word_1_190' title='bbox 405 3921 445 4002; x_wconf 68' lang='lat' dir='ltr'><strong>N·</strong></span> <span class='ocrx_word' id='word_1_191' title='bbox 471 3938 516 4000; x_wconf 64' lang='grc'><strong>’9,-</strong></span> 
     </span>
    </p>
   </div>
   <div class='ocr_carea' id='block_1_9' title="bbox 0 0 1400 4660">
    <p class='ocr_par' dir='ltr' id='par_1_10' title="bbox 0 0 1400 4660">
     <span class='ocr_line' id='line_1_30' title="bbox 0 0 1400 4660; baseline 0 0"><span class='ocrx_word' id='word_1_192' title='bbox 0 0 1400 4660; x_wconf 95' lang='lat' dir='ltr'><strong> </strong></span> 
     </span>
    </p>
   </div>
  </div>
 </body>
</html>
