2810 4668
266 383 342 460 630
412 409 473 458 iou
499 408 645 456 sumnus
670 407 714 456 us
739 407 865 458 esusts
889 410 1100 460 momorum

264 537 308 598 ut
327 523 366 597 in
383 521 639 620 sugillatione,
657 537 884 599 concretus:
904 524 1015 620 cujus
1022 527 1078 596 rei
1090 527 1286 623 incognita

267 656 347 714 erat
369 663 497 728 carun,
519 639 700 738 nequem
720 640 861 712 ventris
882 663 973 712 cavo
995 642 1210 739 quidquam
1223 667 1286 714 re·
1308 653 1312 662 “

270 761 390 835 centis
405 759 568 836 testonis
585 759 620 832 ei
638 758 723 830 loco
749 759 1012 857 respondebat.
1040 761 1136 856 Lien
1153 787 1195 837 ea
1212 759 1285 836 fuit

269 877 535 979 longitudine,
557 893 600 950 ut
624 901 645 950 a
673 899 742 950 sua
762 877 850 952 sede
873 879 1088 978 incipiens,
1108 879 1290 952 edilium

267 1021 310 1072 os
327 999 564 1095 pervenirct3
580 997 643 1071 cui
665 1010 778 1068 tantae
799 996 1032 1095 longitudini
1058 1012 1200 1068 ceterae
1225 996 1286 1068 di-

268 1115 485 1186 mensiones
511 1140 590 1186 non
619 1112 891 1212 congruebant.
926 1119 1049 1187 Laxus
1076 1129 1176 1204 erat,
1211 1140 1285 1186 nec

266 1232 424 1321 lividus,
447 1232 511 1308 sed
535 1256 709 1329 maguam
737 1247 884 1330 partem
906 1231 1072 1320 rubens,
1092 1235 1280 1306 anteriore

267 1349 397 1424 saltem
424 1348 529 1423 facie.
546 1350 635 1424 Bilis
656 1347 822 1447 plurime
850 1373 953 1423 suam
977 1351 1183 1432 vesiculam
1206 1350 1282 1422 dis-

264 1467 455 1544 tendebat.
477 1472 591 1565 Aquae
610 1465 680 1539 luit
699 1467 843 1565 aliquid
862 1469 901 1541 in·
919 1470 994 1540 ima
1012 1469 1125 1566 pelvi.
1146 1470 1283 1542 Vesica

265 1587 424 1657 interius
448 1585 495 1656 ad
515 1584 677 1656 urethrae
699 1582 909 1673 orificium,
940 1600 977 1658 et
1001 1587 1132 1683 aliquo
1165 1611 1283 1686 supra
1393 1571 1394 1590 ¹

268 1701 343 1777 hoc
374 1706 494 1800 spatio
522 1701 745 1800 sangutteris
781 1704 941 1776 vasculis
978 1719 1057 1804 erat
1086 1704 1279 1776 distincta.

264 1824 404 1896 Uterus
419 1822 612 1918 aliquanto
627 1821 882 1900 sinistrorsum
897 1821 1105 1894 inclinatus
1118 1877 1130 1906 ‚
1143 1837 1181 1896 et
1199 1823 1284 1918 ejus

264 1953 391 2012 temen
409 1939 527 2014 osculi
544 1936 756 2026 orificium„
777 1939 895 2010 incisa
914 1940 1068 2037 uagina,
1098 1965 1184 2036 quae
1200 1955 1280 2012 tota

266 2057 546 2156 propemodum
575 2055 742 2146 luebat.
766 2069 802 2128 ct
836 2081 946 2153 grave
978 2055 1129 2144 olebat,
1162 2059 1281 2160 magis

267 2191 389 2254 erate
409 2175 548 2254 dextris
567 2197 679 2271 quam
710 2199 754 2246 ea
781 2171 896 2246 ferret
925 2175 1133 2246 inclinatio.
1159 2180 1276 2248 Causa

267 2294 622 2388 etat-ejuseorona,
647 2317 747 2389 quae,
773 2317 884 2389 aequo
900 2291 1053 2379 durior,
1080 2294 1280 2366 asinistris

267 2427 414 2486 tumore
432 2410 601 2508 quodam
615 2409 832 2507 eugebmur.

284 2534 291 2551 '
314 2531 370 2628 ⁸⁹¹7·
386 2529 458 2602 Sed
478 2528 524 2602 de
546 2518 809 2601 excrescentiis
829 2541 868 2597 ct
885 2526 1104 2599 tumoribus
1120 2529 1282 2600 internis

266 2649 367 2726 uter-i
383 2649 495 2732 setis}
519 2671 568 2718 ue
592 2643 700 2742 quod
724 2646 846 2716 vereri
875 2669 946 2718 nos
973 2644 1154 2734 diximus,
1185 2671 1280 2734 cres·

266 2763 438 2844 canthur
461 2763 754 2860 litteraepraeter
779 2761 948 2836 modum.
987 2767 1041 2834 Ex
1070 2761 1280 2854 uliusmndi
1393 2803 1394 2812 .

267 2899 392 2959 autem
405 2883 502 2959 vitiis
512 2935 527 2968 „
542 2905 624 2977 quee
644 2879 836 2952 uterebro
854 2879 1212 2978 deprehendantur,
1228 2883 1281 2950 in-

265 3000 405 3098 telligis
434 3001 575 3073 mirum
597 3002 798 3086 merucesc,
832 2999 867 3074 si,
889 3021 1000 3070 causa
1030 2999 1157 3096 aliqua
1179 3023 1278 3070 accc·

266 3118 403 3206 doute,
420 3117 571 3215 pessimi
593 3115 787 3188 interdum
811 3131 1001 3202 tumorcS,
1022 3115 1159 3213 hisque
1181 3116 1281 3188 exul·

267 3239 402 3313 ceretis
416 3233 644 3308 insanabiles
654 3232 793 3307 fluores
809 3233 911 3306 fiant.
931 3233 1104 3304 Proxima
1118 3235 1280 3332 epistola
1393 3283 1394 3292 .

267 3353 457 3452 quidquid
465 3367 578 3427 restat
588 3351 831 3425 muliebrium
846 3351 1068 3428 morborum
1078 3375 1280 3449 perseque-

267 3497 363 3550 mur.
385 3471 489 3545 Vale.
859 3469 860 3472 ’

410 3697 412 3701 ’
529 3708 653 3756 rrrrs
687 3709 802 3756 rort1
841 3707 1015 3768 ourrrr.
