2810 4668
337 381 409 460 560
501 405 548 452 nx
573 401 719 452 srmrus
743 402 788 450 rr
812 401 936 452 crusis
961 403 1168 452 nonnonuu

337 537 403 594 est.
418 523 465 592 At
477 520 508 590 si
526 516 695 590 foramen
708 514 861 613 aliquod
876 517 947 604 sit,
967 541 1046 588 uon
1065 518 1133 588 illae
1151 518 1306 616 planeim·

336 634 532 738 perforata
549 633 716 706 dicendae
744 649 849 723 sunt,
871 657 941 705 nec
966 635 1196 726 mirandum,
1218 637 1307 734 siqua

337 779 465 828 earum
499 751 657 853 gravida
688 750 799 838 fiant,
839 751 1159 848 quemadmodum
1189 752 1306 824 illarum

338 874 531 970 quinque,
553 869 601 940 de
621 893 781 965 quarum
806 892 954 940 summa
978 870 1120 968 vaginae
1142 872 1248 970 ipsius
1259 895 1307 940 an·

339 989 459 1088 gustia
486 986 600 1085 paulo
626 1001 713 1056 aute
742 984 929 1074 diximus,
957 999 1034 1059 tres
1046 984 1150 1059 factae
1169 1003 1263 1076 sunt,
1279 1003 1308 1058 ut

336 1108 407 1182 alia
433 1127 604 1202 quoque,
636 1103 743 1199 cujus
764 1101 968 1199 descriptio
996 1118 1052 1176 est
1082 1105 1184 1203 apud
1211 1103 1308 1176 Hilda-

336 1247 427 1296 num
443 1221 522 1320 (1),
544 1245 630 1292 cum
643 1222 682 1290 in
698 1218 916 1292 membrana
930 1221 1102 1318 vaginam
1116 1222 1308 1294 occludentc

337 1343 470 1441 exigua
496 1354 619 1412 essent
644 1334 879 1410 foraminula.
912 1343 1043 1437 Itaque
1069 1339 1129 1412 his
1162 1333 1309 1412 omnibus

337 1483 407 1558 per
441 1459 536 1546 vias,
560 1456 731 1555 quamvis
760 1469 912 1545 tenum,
947 1472 1142 1530 menstrua
1167 1455 1309 1556 prodibat

240 1568 242 1574 ’
336 1576 542 1676 purgatio:
577 1573 624 1645 de
653 1597 728 1670 qua
761 1574 792 1644 si
822 1587 892 1672 p'er
927 1573 1112 1671 quosdam
1148 1577 1309 1674 quaesitun
1369 1621 1371 1702 p

338 1708 455 1782 esset,
474 1692 614 1790 quibus
635 1716 713 1764 non
732 1692 837 1764 licuit
853 1715 915 1764 eas
933 1694 1010 1765 vias
1032 1694 1240 1791 inspicere,
1265 1689 1309 1763 sed
1370 1707 1371 1774 l

336 1837 381 1886 ex
401 1811 542 1882 maritis
561 1809 741 1884 duntaxat
767 1809 861 1880 scire
884 1833 1021 1882 uxores
1044 1809 1117 1882 sibi
1145 1810 1309 1910 impervias

337 1953 440 2018 esse,
460 1926 590 2004 fuisset
607 1926 669 1998 illa
687 1926 854 2016 indicio,
877 1951 944 2016 ne,
970 1952 1057 2000 cum
1082 1928 1218 2000 eaedem
1233 1923 1309 1996 lacta

337 2061 462 2122 essent
482 2059 734 2144 praegnantes‚
756 2045 835 2116 sine
859 2044 936 2116 ulla
953 2045 1070 2118 virilis
1094 2042 1241 2118 seminis
1263 2041 1310 2114 ad·

336 2165 514 2236 missione
543 2161 656 2235 factas
680 2187 759 2235 esse
795 2163 1071 2236 existimarent:
1108 2181 1148 2236 et
1175 2159 1310 2258 exempla

336 2280 538 2354 mulierum
557 2303 713 2379 prorsus
729 2278 1057 2380 imperforatarum
1071 2285 1244 2380 pauciora
1255 2275 1309 2350 lor·

337 2411 432 2470 tasse
448 2399 487 2468 in
506 2396 612 2470 libris
634 2396 869 2472 haberemus.
903 2403 1045 2472 Verum
1073 2415 1116 2470 ut
1142 2396 1310 2472 menstruis

337 2514 408 2586 illae
448 2514 782 2614 expurgationibus
810 2541 890 2589 non
927 2517 1125 2607 carebant,
1159 2519 1208 2590 sic
1233 2512 1310 2585 malis

337 2631 516 2706 carebant
531 2655 615 2731 quae
636 2633 717 2706 aliis
740 2633 901 2708 diximus
930 2650 1191 2708 coacervatum
1213 2635 1247 2702 in
1267 2653 1309 2698 ra·

337 2751 446 2850 gina,
465 2765 652 2848 uteroque
675 2753 896 2850 sauguinem
923 2749 1067 2825 afferre.
1082 2756 1174 2844 Quae
1189 2747 1265 2823 cum'
1276 2748 1310 2815 itt

338 2869 430 2956 sint,
452 2893 576 2964 neque
610 2867 760 2939 illarum
798 2869 1056 2941 molestiarum
1094 2870 1228 2964 ullam,
1253 2886 1309 2935 non

337 2983 422 3055 dico
444 2983 597 3072 adesse,
632 2983 697 3056 sed
724 3009 850 3082 neque
882 2985 1032 3058 initium
1059 3011 1190 3058 earum
1219 2977 1309 3082 quod·

338 3125 472 3198 quam,
491 3125 616 3197 neque
647 3117 879 3198 menstruam
905 3105 1169 3205 purgationem
1190 3105 1226 3174 in
1244 3099 1309 3171 dua·

335 3221 409 3319 bus
427 3243 446 3288 a
467 3243 527 3290 me
553 3219 750 3317 inspectis,
777 3217 924 3298 feminis
947 3246 1116 3320 unquam
1152 3221 1252 3296 fuisse
1266 3239 1308 3286 au·

336 3337 456 3409 direm
471 3361 481 3424 ;
497 3349 630 3407 contra
648 3352 791 3426 autem,
809 3353 1010 3437 utramque
1030 3365 1219 3412 cernerem
1238 3331 1308 3432 opti·

336 3455 409 3526 mis
420 3451 579 3540 viribus,
595 3468 632 3524 et
652 3454 801 3543 colore,
826 3471 864 3528 et
878 3456 1093 3530 valetudine
1120 3455 1308 3556 praeditam,

337 3585 379 3641 ut
397 3571 597 3642 sanissimae
624 3595 783 3669 quaeque
799 3597 842 3644 ea
858 3587 962 3646 aetate
981 3575 1124 3664 solent,
1146 3599 1221 3673 qua
1234 3566 1307 3638 vide·

335 3777 1307 3810 ’·····”···“····“·················““’

319 3913 325 3926 i
379 3942 422 4020 (tl
443 3941 515 4000 obs.
529 3940 568 4000 do
583 3941 633 3998 cit.
649 3945 773 4022 exempl.
793 3963 821 4000 a.
