2740 4670
306 370 376 444 336
472 393 518 438 ue
545 391 690 438 sumnus
715 393 758 438 ur
783 391 907 438 causis
932 392 1141 442 uouaouuu

267 569 270 575 .
304 509 376 582 Sed
388 532 435 578 ne
455 504 502 576 ab
518 503 671 576 urethra
689 500 850 576 feminea
874 505 1123 596 recedamus,
1144 509 1230 606 quid
1247 510 1281 586 de

305 633 416 699 Corn.
431 623 638 720 Solingenii
655 623 839 693 rarissima
860 648 973 720 quam
995 625 1230 697 Salzmannus
1242 627 1281 720 (ι)

303 755 599 824 commemorat,
633 737 894 810 observatione
939 742 1128 831 dicemus,
1162 760 1283 814 meatus

302 861 476 931 videlicet
493 863 654 928 urinarii
664 863 800 928 inversi
814 873 928 956 atque
939 859 1048 955 digiti
1056 867 1208 932 minoris
1226 860 1283 929 loa·

301 976 468 1074 gitudine
484 957 785 1072 piopendentis?
815 977 941 1072 Usque
967 977 1111 1049 adeone
1131 978 1242 1050 laxam
1257 996 1284 1048 et

302 1115 491 1168 extensam
524 1107 676 1164 meatus«
695 1090 807 1166 fuisse
834 1093 1124 1169 membranam?
1155 1122 1200 1166 an
1224 1097 1283 1170 col·

301 1213 399 1293 lum‚
418 1213 492 1282 sive
502 1207 669 1280 infimam
681 1211 810 1282 vesicae
820 1212 1059 1308 partemillao
1073 1214 1282 1311 prolapsam,

302 1345 345 1400 ut
365 1327 518 1400 credere
537 1327 686 1398 videtur
712 1327 954 1400 Salzmannus
976 1327 1035 1426 (a)
1049 1331 1155 1428 ?·qui
1179 1347 1282 1401 tamen

304 1472 407 1520 suam
422 1447 472 1516 ita
493 1446 633 1517 indicat
650 1443 922 1519 dubitationem
944 1445 1023 1542 (3),
1047 1456 1081 1518 si
1096 1448 1207 1519 modo
1222 1447 1283 1516 ulia

297 1591 392 1664 pars
406 1589 476 1634 ocu
480 1561 522 1634 lis
540 1589 579 1634 se
594 1589 632 1634 se
648 1565 830 1654 efflarent,
853 1567 921 1636 sub
947 1590 1068 1662 specte
1083 1577 1216 1638 vesicae
1233 1571 1283 1637 So·
1354 1585 1355 1594 ¹

303 1684 470 1782 lingenio
480 1705 557 1752 non
572 1685 754 1811 imposuit.
771 1681 875 1754 Alius
891 1707 1045 1780 quoque
1058 1684 1215 1806 morbps
1229 1699 1282 1764 est

302 1804 408 1897 cujus
432 1801 622 1872 raritatem
641 1799 738 1869 utin
759 1799 936 1872 muliebri
954 1801 1109 1870 urethra
1133 1800 1282 1873 ostenda·

301 1945 385 1991 mus
394 1942 539 2016 pauca
556 1915 709 2012 deipsa
726 1915 820 1989 etde
833 1933 960 2012 ejectis
974 1942 1134 2014 peream
1153 1919 1282 1992 calculi
1355 1991 1356 2016 χ

299 2040 533 2132 attingemus.
555 2033 643 2116 Illa,
664 2046 706 2103 ut
726 2034 853 2105 Celsus
871 2034 925 2128 (4)
948 2036 1015 2122 ait,
1034 2051 1072 2107 et
1100 2061 1171 2108 nos
1189 2036 1281 2134 paulo
1355 2037 1356 2088 ἶ

301 2152 615 2249 anteposuimus,
645 2167 682 2218 et
698 2151 845 2223 brevior
868 2165 984 2250 quom
1006 2159 1044 2222 in
1067 2156 1240 2238 mribus,
1257 2167 1283 2220 et

302 2270 443 2355 iunior,
463 2283 498 2340 et
515 2267 619 2366 quod
635 2291 747 2366 supra
768 2265 822 2366 (5)
840 2268 1007 2357 dixerat,
1027 2272 1151 2348 -simul
1169 2277 1283 2344 rectior

300 2403 365 2459 est.
394 2391 493 2482 Ergo
524 2384 705 2473 calculus,
733 2387 837 2482 quod
872 2402 973 2459 recte
999 2387 1099 2458 idem
1132 2388 1280 2483 subjicit,

299 2508 364 2577 ubi
371 2503 553 2603 parvulus
572 2520 644 2591 est,
654 2529 729 2600 per
747 2529 786 2574 se
816 2530 916 2602 soepe
939 2504 1089 2575 excidit.
1119 2508 1215 2597 Quin
1234 2505 1281 2573 ali·

299 2623 453 2720 quando
469 2623 578 2696 etiam
595 2646 673 2692 non
691 2645 846 2718 parvus,
862 2623 982 2718 quadis
994 2638 1072 2694 erat
1093 2648 1204 2720 quem
1217 2622 1280 2704 hic,

298 2755 341 2811 ut
358 2757 467 2812 autea
484 2737 537 2836 (6)
561 2739 710 2837 scripsi,
730 2753 767 2809 et
782 2739 844 2810 vel
875 2741 990 2837 magis
1013 2741 1143 2837 quales
1161 2741 1186 2809 ii
1204 2761 1280 2836 quos

297 2859 472 2928 Ronouiae
489 2857 677 2954 conspexi.
696 2859 751 2926 De
772 2854 927 2952 quibus,
948 2857 1074 2935 aliisve
1094 2882 1189 2954 quos
1203 2861 1279 2926 Lan-

296 2976 458 3073 gelottus
478 2973 532 3070 (7)
556 2971 904 3068 Jaeggerschmidius
923 2975 936 3052 (
941 2973 978 3068 8)
990 3010 1004 3062 ‚·
1020 2975 1202 3046 Dillenius
1224 2969 1279 3067 (9),

397 3211 519 3266 Dissert.
536 3209 573 3264 de
585 3205 688 3264 herma
699 3226 925 3264 vesicaeurmar
930 3209 1014 3264 thes.
1033 3211 1077 3265 18.

399 3401 485 3459 Thes.
512 3422 558 3477 19.

399 3499 560 3556 Demedic.
577 3500 595 3552 l.
612 3515 640 3567 7,
656 3517 681 3552 c.
698 3497 753 3578 36,
768 3516 798 3552 n.
816 3503 842 3563 4.

398 3786 504 3862 Eph.t
477 3710 529 3841 0N.
548 3786 581 3840 C.
595 3785 648 3840 dec
675 3803 709 3852 1
726 3786 760 3837 A
776 3783 878 3852 6et7
894 3739 1003 3853 obsq.

397 3885 467 3936 Dec
486 3882 520 3948 3,
537 3885 570 3934 A.
586 3881 618 3947 3,
636 3878 700 3932 obs
717 3896 782 3932 101.

332 3979 363 4064 (9
397 3980 466 4032 Dec.
486 3975 549 4032 ead.
563 3977 598 4029 A.
613 3972 821 4050 9et103ohs.
837 3977 892 4036 34

366 3212 377 3287 )

365 3311 377 3387 )

367 3402 376 3480 i

366 3503 376 3572 i

306 3623 309 3633 ·
365 3595 374 3674 )

365 3695 434 3770 )Ν

346 3793 375 3866 t

365 3887 375 3958 )

365 3981 375 4053 )
