2726 4676
302 437 372 512 266
468 465 510 510 ot
537 462 682 509 somnus
701 461 751 508 rr
777 459 900 508 cansrs
926 459 1136 510 nonnosum

302 577 368 649 sed
382 590 580 648 contractae
599 575 694 646 adeo
708 589 865 672 repertae
883 589 970 645 sunt
983 590 1058 663 ,ut
1081 590 1216 672 praeter
1234 571 1302 644 cal·

304 693 431 766 culum
447 695 508 764 vix
526 708 682 790 possent
697 691 906 790 quidquam
925 693 1130 764 continere.
1153 692 1301 764 Calculo

304 811 368 882 hic
383 809 456 880 illic
472 833 600 880 earum
617 810 757 879 intimae
775 809 1035 898 adhaerebant,
1051 831 1134 908 quae
1152 812 1303 908 iuaequa-
1352 825 1353 890 ξ

302 929 357 999 les
376 943 506 1014 erant,
526 943 562 998 et
575 927 746 1024 pluribus
763 927 856 998 locis
875 929 1110 1015 exulceratae,
1129 941 1302 1025 atquem·
1352 943 1353 1028 J

304 1045 511 1116 admodum
543 1046 679 1118 ulceris
713 1067 845 1116 cavum
877 1044 1018 1144 fuerat,
1035 1065 1302 1144 .gangraenosae.
1352 1125 1353 1146 ,

304 1168 394 1236 Erat
420 1163 587 1234 calculus
610 1163 727 1260 paulo
759 1161 910 1234 duobus
937 1162 1061 1260 digitis
1089 1162 1303 1234 transversis
1352 1175 1353 1244 l

307 1281 474 1379 longior,
491 1281 626 1378 pollice
647 1295 771 1350 autem
788 1281 983 1378 aliquanto
1000 1283 1176 1370 crassior,
1191 1277 1304 1351 forma
1352 1273 1353 1358 l

308 1395 463 1469 ornlum
483 1396 649 1469 referens
661 1398 793 1493 ,cujus
811 1411 938 1468 vertex
956 1396 1152 1496 superiora
1170 1411 1353 1548 specta
1352 1449 1353 1492 ,

307 1515 395 1604 bat,
413 1531 456 1587 ut
479 1540 567 1587 aeus
591 1539 745 1613 quoque
774 1539 906 1586 mucro
931 1536 1018 1585 cum
1044 1531 1123 1586 tota
1145 1540 1188 1587 ea
1207 1528 1304 1613 parte
1352 1495 1353 1600 l

307 1656 389 1731 quae
404 1633 450 1704 ad
470 1633 650 1732 angulum
664 1656 785 1730 usque
802 1631 849 1702 de
871 1653 948 1730 quo
965 1631 1108 1702 dietum
1129 1649 1186 1704 est
1204 1631 1303 1746 i'tio

307 1751 543 1848 pertinebat,
565 1749 709 1821 calculo
742 1747 858 1820 ferme
889 1750 1089 1848 parallelo,
1115 1749 1166 1820 ab
1190 1771 1302 1846 eoque
1352 1739 1353 1752 ¹

306 1869 455 1966 pollicis
480 1865 679 1938 intervallo
693 1867 883 1962 sejuncta:
906 1888 992 1964 pars
1009 1890 1095 1938 acus
1113 1867 1353 1968 reliqua
1274 1875 1353 1934 et

308 1988 387 2083 ipsa
403 2001 505 2057 extra
526 1985 710 2056 calculum
735 2000 833 2073 erat,
853 1999 1037 2080 quantum
1053 1985 1191 2081 conjici
1207 1998 1353 2106 pote·

308 2119 386 2188 rat,
405 2101 685 2199 propemodum
708 2115 804 2186 tota,
831 2095 994 2198 ea'pitulo
1019 2100 1200 2172 duntaxat
1227 2121 1302 2172 cum
1352 2123 1353 2194 3

308 2221 486 2318 portione
504 2219 626 2316 aliqua
642 2220 810 2318 proxima
826 2219 866 2288 in
881 2218 1048 2290 medium
1063 2217 1240 2289 calculi
1214 2219 1305 2290 sinis

310 2353 410 2408 trum
430 2338 526 2408 latus
540 2335 752 2408 firmissime
770 2334 905 2423 infixo,
923 2335 964 2405 id
982 2349 1037 2406 est
1054 2336 1134 2430 ejus
1156 2358 1302 2405 concre-
1352 2339 1353 2376 ³

311 2455 415 2524 tione
444 2453 635 2527 obducto:
662 2479 744 2550 quae
764 2453 826 2523 illa
843 2450 935 2523 facie
964 2468 1000 2522 et
1017 2467 1188 2524 extremo
1206 2469 1302 2523 utro·

311 2594 387 2668 que
400 2572 618 2668 inaequalior
638 2586 712 2657 est,
731 2571 904 2668 opposita
923 2567 1040 2640 ferme
1065 2569 1163 2642 laevis
1177 2586 1215 2642 et
1226 2569 1302 2643 sub
1352 2563 1353 2654 f

310 2687 418 2776 alba,
437 2670 509 2758 nisi
526 2711 620 2785 qua,
647 2703 689 2758 ut
711 2703 791 2758 tota
809 2689 974 2775 sinistra,
990 2685 1159 2775 subflavo
1188 2689 1302 2760 colore
1352 2713 1353 2788 ]

310 2804 542 2892 infuscatur3
566 2806 641 2876 haec
663 2808 763 2877 enim
792 2803 985 2894 describo,
1004 2816 1046 2876 ut
1064 2831 1166 2879 nunc
1183 2807 1302 2891 ride03
1352 2857 1353 2904 7

310 2939 401 2996 tunc
416 2949 507 2996 vero
533 2924 756 3022 quibusdam
779 2923 872 2994 locis
889 2938 968 2994 erat
990 2939 1165 3011 cruenta,
1186 2939 1303 2995 caetera
1352 2931 1353 2998 l

311 3039 407 3114 fusci
423 3041 657 3138 obsoletiqne
675 3043 821 3112 eoloris.
846 3045 951 3110 Tunc
963 3065 1119 3138 quoque
1135 3041 1195 3112 his
1206 3040 1304 3114 medi·

312 3161 365 3230 cis
382 3159 616 3289 ponderibus
638 3160 823 3246 calculus,
846 3175 889 3229 ut
906 3183 993 3229 cum
1013 3183 1084 3230 acu
1101 3175 1156 3230 est
1178 3160 1304 3230 exami-
1352 3167 1353 3262 J

311 3292 422 3348 natus
429 3300 586 3375 paucis
599 3301 724 3374 granis
736 3277 854 3347 levior
865 3291 1038 3375 repertus
1050 3269 1172 3348 fuerat
1185 3277 1304 3348 drach
1352 3263 1353 3332 l

311 3395 383 3466 mis
399 3410 562 3492 septem,
583 3417 687 3465 nunc
702 3397 830 3492 paucis
857 3395 982 3492 granis
1012 3411 1164 3492 superat
1189 3393 1304 3467 draeh·
1352 3373 1353 3470 l

195 3583 199 3598 ,
311 3537 392 3584 mas
411 3517 581 3610 quinque
604 3527 640 3582 et
667 3511 866 3608 scrupulos
883 3511 990 3582 duos
1009 3516 1155 3584 Caetera
1175 3514 1304 3585 ventris
1352 3539 1353 3616 ,

310 3631 500 3730 pleraque
520 3645 646 3726 portes
659 3628 708 3700 ab
721 3643 862 3700 naturus
875 3628 989 3699 modo
1004 3621 1056 3700 tie
1073 3629 1240 3702 aberant.
1254 3635 1304 3699 ln·
1352 3635 1353 3724 ζ

310 3748 447 3818 testina
459 3746 643 3818 sublivida
659 3763 765 3818 erant
785 3745 978 3844 quaedam,
1000 3761 1036 3818 et
1055 3745 1152 3818 llavo
1170 3749 1235 3819 illo
1249 3745 1304 3844 qni
1352 3815 1353 3824 ἶ

311 3865 514 3935 novissime
533 3863 796 3960 dejiciebatur,
812 3863 972 3935 humore
985 3864 1196 3962 turgidula:
1212 3867 1305 3962 jecur
1352 3849 1353 3854 ἵ

314 3981 484 4054 albidum
502 4009 509 4052 :
530 3982 637 4082 splen
658 3981 826 4072 lividior,
850 3997 886 4055 et
912 3981 1025 4082 paulo
1052 3984 1174 4080 major
1204 4001 1302 4082 qnam
