2726 4676
300 401 369 476 288
418 440 420 446 r
470 428 516 474 na
542 426 688 474 scamus
714 428 757 474 ar
783 426 906 474 causis
932 426 1145 474 nonnosum

291 539 562 614 comitantibus
587 538 784 611 doloribus
813 563 855 610 ac
879 539 1199 638 symptomatibus
1222 561 1294 634 qua

292 685 353 732 res
367 675 402 730 et
419 656 605 754 ejusmodi
622 659 680 728 via
696 672 879 754 posceret.
905 663 1036 756 ltaque
1057 659 1183 729 rarior
1201 679 1293 726 nunc

293 775 447 863 saltem,
466 775 543 844 haec
564 773 665 871 apud
683 773 870 846 doctiores
884 775 998 847 Italos
1018 775 1226 846 credulitas
1237 786 1293 858 est,

293 894 401 988 cujus
418 895 456 961 in
472 889 692 994 regionibus
713 890 940 987 quibusdam
960 891 1041 962 aliis
1062 906 1225 963 retentae
1243 887 1294 958 vel

293 1012 333 1080 in
366 1007 562 1080 nonnullis
589 985 747 1106 egregiis
778 1007 883 1080 libris
913 1008 1050 1080 indicia
1080 1009 1196 1080 video
1225 1031 1295 1076 non

293 1125 466 1198 obscura.
487 1123 807 1222 Relinquebatur,
828 1139 962 1196 utnon
976 1126 1093 1197 modo
1105 1151 1220 1210 acus,
1239 1121 1297 1194 sed

293 1269 429 1316 acuum
450 1266 602 1340 quoque
621 1242 788 1330 thecam,
805 1267 919 1338 quam
940 1243 1116 1314 aciarium
1139 1254 1295 1326 vocant,

294 1360 425 1430 eadem
437 1359 645 1430 traductam
660 1359 718 1430 via
730 1359 1130 1447 commiscerentur,
1144 1357 1295 1456 quando

294 1503 376 1549 eam
394 1504 439 1548 ex
455 1479 576 1548 vesica
593 1483 755 1548 Etruscae
772 1477 904 1574 pnellae
925 1492 1101 1574 praestans
1117 1479 1176 1546 vir
1189 1481 1297 1547 Bene·

294 1596 403 1666 volus
417 1594 474 1692 (1)
495 1621 533 1666 se
552 1595 681 1667 scribit
699 1597 888 1666 exemisse.
917 1596 984 1664 Hic
1007 1595 1144 1696 iterum
1177 1592 1296 1666 forsan

296 1715 452 1786 moleste
468 1710 579 1799 feres,
597 1712 704 1790 ltalae,
716 1711 849 1810 puellae
868 1736 1005 1784 noxam
1023 1737 1120 1810 pene
1140 1711 1297 1784 incredi-

297 1833 412 1904 bilem
431 1831 573 1928 attingi.
601 1835 743 1901 Verum.
770 1828 826 1900 fac
846 1831 945 1928 legas
966 1856 1048 1928 quae
1073 1829 1119 1901 ad
1141 1828 1293 1901 Platneri

298 1950 580 2019 institutionum
608 1946 826 2044 chirurgiae,
847 1949 872 2039 S
903 1946 1069 2046 1359la),
1087 1963 1177 2019 sunt
1190 1947 1294 2018 adno-

298 2079 396 2150 tata,
415 2087 507 2133 num
523 2064 644 2160 prima
661 2063 722 2134 illa
741 2062 853 2136 fuerit
870 2089 952 2162 quae
968 2063 1006 2134 id
1021 2063 1150 2134 molita
1170 2065 1232 2150 sit,
1246 2064 1291 2132 in·

299 2181 453 2278 telliges.
472 2184 644 2252 Attamen
666 2182 696 2252 si
717 2182 775 2251 via
799 2181 863 2252 illa
890 2182 1089 2253 Alexandri
1112 2179 1296 2255 benedicti.

300 2302 357 2369 usi
381 2313 504 2370 essent
528 2297 683 2370 adaeus
707 2298 864 2394 alicujus
887 2300 1085 2370 transitum
1113 2299 1291 2398 explican-

303 2413 394 2486 dum
423 2440 502 2485 non
531 2417 569 2484 in
596 2415 822 2490 muliebrem
842 2419 1024 2506 vesicam,
1044 2418 1083 2486 in
1107 2441 1222 2514 quarn
1242 2440 1294 2486 ex-

302 2532 487 2604 trinsecus
499 2531 695 2629 perbrevis
715 2547 751 2602 et
768 2532 962 2630 expeditus
972 2533 1092 2604 aditus
1104 2548 1224 2630 patet,
1240 2525 1292 2602 sed

301 2652 341 2722 in
362 2650 529 2738 virilem,
548 2651 585 2719 in
611 2675 722 2747 quam
741 2651 860 2721 multo
880 2651 1030 2748 longior
1044 2667 1080 2722 ct
1098 2650 1291 2733 flexuosus,

304 2768 502 2856 libentius,
520 2783 562 2838 ut
577 2767 665 2839 alibi
677 2767 731 2865 (3)
752 2770 902 2864 scripsi,
918 2771 956 2838 in
971 2769 1201 2866 quibusdam
1218 2793 1293 2868 prae·

303 2887 430 2960 sertim
459 2885 625 2973 casibuS,
654 2886 857 2956 crederem.
885 2887 994 2976 Quod
1020 2888 1164 2957 utinam
1195 2890 1233 2984 in
1259 2907 1292 2956 eo

303 3029 454 3102 possem
481 3029 594 3101 quem
617 3002 685 3074 tibi
712 3007 886 3100 protinus
911 3004 1166 3103 perscribam:
1187 3007 1294 3074 minus

305 3137 467 3224 questus¹
492 3145 632 3208 essem,
664 3135 700 3192 et
726 3121 850 3192 adhuc
875 3147 1057 3218 quererer
1078 3139 1223 3220 quanto
1248 3142 1293 3190 res

306 3239 445 3310 certior
464 3255 538 3326 cst,
557 3252 662 3309 tanto
682 3262 764 3310 csse
792 3239 839 3310 ad
863 3239 1153 3338 intelligendum
1177 3237 1293 3311 diffici-

304 3355 449 3446 liorem.

358 3473 413 3542 28.
437 3475 612 3544 Rusticus
640 3496 827 3543 annorum
856 3475 1122 3572 quadraginta,
1151 3475 1291 3568 alonge

311 3650 1288 3678 m

347 3773 391 3848 (ι)
413 3771 486 3827 Obs.
506 3780 553 3839 [μ.

349 3867 392 3949 (a)
413 3874 491 3927 Note
509 3872 536 3925 b.

349 3969 359 4030 l
363 3972 393 4049 3)
413 3971 522 4030 Adver.
537 3971 569 4042 3,
587 3969 715 4028 animad.
732 3969 779 4028 36.

353 4033 357 4046 l
