2726 4676
257 398 331 472 256
425 421 471 469 nu
496 417 639 476 sumnus
664 419 707 467 ar
732 417 855 466 crusis
880 414 1089 466 nonroruu

260 537 307 608 rii
331 533 405 631 (ι),
433 533 500 630 qui
528 553 676 602 mecum
705 530 884 627 chirurgo
918 533 1058 603 secanti
1091 528 1269 631 affirerae

263 650 543 748 Descriptiones
560 647 712 745 quidem
734 647 851 720 amhae
873 650 913 718 iu
931 648 1045 720 rebus
1064 650 1273 747 praecipuis

263 769 352 864 satis
369 766 599 838 conveniunt
617 765 715 836 inter
733 788 797 836 se:
819 769 859 839 in
880 766 1074 838 nonnullis
1090 781 1223 838 autem
1243 766 1275 836 si

265 885 358 982 quid
369 883 600 980 discrepant,
615 884 669 954 sic
681 881 819 957 habeto
830 907 889 954 me
903 908 1024 956 meam
1038 899 1141 956 certe
1154 883 1287 980 scrip··

263 1003 313 1073 tis
332 999 708 1091 mandasse,eodem,
734 1013 776 1070 ut
800 999 929 1072 solitus
960 1025 1064 1090 sum,
1087 1001 1275 1074 sectionis

267 1118 338 1188 die.
358 1123 401 1188 Et
420 1117 583 1190 calculus
602 1118 668 1213 qui
686 1115 814 1190 adhuc
833 1141 918 1189 cum
934 1141 1021 1206 acu,
1043 1119 1104 1190 cui
1121 1119 1273 1190 circum

268 1249 501 1324 accreverat,
522 1234 622 1332 apud
636 1259 696 1306 me
714 1249 905 1323 servatur,
931 1232 1102 1333 prolecto
1119 1260 1201 1306 non
1219 1248 1278 1306 est

268 1351 482 1440 durissimus
506 1378 516 1422 .·
542 1351 581 1422 id
613 1351 718 1447 quod
745 1353 909 1449 primum
940 1353 1020 1447 ejus
1047 1350 1277 1448 magnitudo

269 1493 357 1540 cum
369 1468 536 1566 pondere
555 1467 685 1542 collata
702 1467 895 1567 siguificat.
911 1473 1006 1540 Cum
1018 1469 1117 1540 enim
1132 1468 1278 1538 exdua·

269 1585 341 1656 hus
360 1601 506 1658 constet
521 1585 690 1684 partibus
707 1609 869 1683 quarum
892 1585 1045 1684 singulae
1061 1585 1108 1655 ad
1123 1583 1276 1655 ovalem

270 1691 429 1802 figuram
457 1686 673 1792 acceduntf
692 1704 885 1800 majorque
921 1705 1019 1774 intra
1046 1693 1161 1799 quarn
1188 1691 1277 1771 acus

270 1803 420 1910 mucro,
437 1835 473 1894 et
491 1822 599 1892 tertia
613 1817 746 1908 ferme,
766 1836 808 1894 ut
825 1820 992 1917 proclive
1012 1835 1067 1892 est
1083 1817 1275 1916 judicare,

271 1961 359 2035 pars
376 1939 487 2025 latet,
502 1937 613 2033 longa
633 1938 679 2007 sit
693 1935 829 2032 digitos
843 1951 1073 2008 transversos
1084 1949 1184 2024 tres,
1204 1934 1277 2005 lata

273 2053 388 2137 duos,
410 2054 481 2124 alta
494 2078 613 2124 unum
627 2068 663 2124 et
679 2054 805 2142 semis,
821 2053 1081 2124 minorantem
1095 2077 1180 2149 quae
1195 2074 1277 2122 ure·

273 2169 397 2242 thrarn
428 2171 596 2259 similiter
626 2185 737 2267 atquc
764 2171 803 2240 in
823 2171 893 2242 alia
910 2171 1055 2267 virgine
1074 2168 1129 2265 (a)
1156 2169 1275 2266 leges,

252 2327 254 2332 ,
276 2285 471 2386 opplebat‚
488 2287 595 2358 alteri
610 2287 748 2386 prioris
766 2290 881 2385 partis
896 2287 1028 2360 calculi
1043 2301 1214 2358 extremo
1226 2287 1276 2356 sic

277 2405 510 2492 continuata,
533 2419 576 2475 ut
591 2404 638 2476 ad
656 2403 824 2500 ejusdem
841 2403 938 2479 latus
957 2418 1168 2476 extrorsum
1189 2400 1276 2474 erui·

278 2537 366 2592 neat
399 2521 446 2592 ad
471 2521 648 2619 angulum
678 2538 845 2610 rectum,
872 2519 1129 2620 magnitudine
1158 2529 1278 2616 aequet

233 2675 234 2682 ¹
276 2639 393 2712 medii
421 2639 527 2736 digiti
547 2638 748 2720 articulum
773 2640 947 2727 tertium3
964 2653 1125 2736 utraque
1146 2653 1275 2710 tamen

279 2756 391 2827 simul
408 2780 495 2826 cum
521 2781 592 2826 acu
619 2753 714 2826 infra
738 2755 887 2853 pondus
915 2771 970 2827 est
996 2755 1145 2831 nummi
1165 2755 1275 2825 unius

280 2875 447 2970 argentei
461 2871 657 2972 Philippei.
683 2871 1028 2962 Friabilemautem
1058 2895 1196 2968 magna
1234 2894 1274 2940 ex

280 3005 408 3088 parte,
424 3005 616 3064 externam
636 2988 766 3062 saltem
786 2989 919 3071 calculi
930 3013 1008 3060 esse
1031 2987 1272 3060 substantiam

281 3109 597 3206 spongiosamque'
623 3121 822 3195 texturam,
840 3107 1024 3205 inspectio
1045 3107 1125 3203 ipsa
1145 3102 1275 3176 confir·

280 3241 368 3296 mat.
385 3224 554 3298 Lamellae
572 3225 671 3294 enim
690 3225 860 3320 quaedam
880 3240 1011 3295 tenues
1030 3222 1225 3294 nonnullis
1235 3243 1274 3292 ex

281 3341 453 3438 locisper
469 3366 507 3415 se
523 3339 758 3429 exciderunt,
777 3341 1035 3437 subjectasque
1061 3337 1273 3412 cavernulas

283 3455 561 3556 patefecerunt3
579 3456 685 3531 albus
704 3474 848 3547 autem,
867 3474 908 3530 ut
919 3457 1085 3530 calculus
1101 3472 1177 3546 est,
1198 3452 1273 3555 pul·

281 3575 468 3662 risculus‚
487 3575 606 3673 qualis
619 3599 665 3648 ex
684 3577 834 3650 cariosis
854 3575 1003 3673 salignis
1015 3573 1160 3648 baculis
1175 3573 1271 3656 solet,

321 3829 363 3940 (ι)
385 3864 471 3920 Tom.
487 3861 518 3930 3,
532 3881 561 3934 p.
577 3863 610 3930 3,
624 3879 680 3916 oss.
698 3879 743 3916 ra.

319 3961 364 4023 (al
386 3961 572 4040 Sepulchret.
591 3971 661 4017 sect.
675 3961 730 4016 hac
744 3957 797 4030 25,
812 3959 875 4016 obs.
888 3955 913 4026 5,

267 4032 271 4038 '
351 4030 359 4042 d
