2810 4668
273 419 345 494 608
439 443 485 490 or
511 440 659 490 ssorrus
685 439 728 487 rr
754 437 879 488 crusis
904 437 1114 489 ιιοιιιιοιιιιιι

275 583 349 660 que
366 557 502 628 arteria
521 578 645 630 osseas
673 554 735 626 hic
764 553 866 626 illic
857 569 958 626 mtus
982 554 1148 650 habpbat
1167 581 1283 653 squa-

275 675 407 746 mulas.

284 789 496 864 uestibus
514 787 710 885 hydatides
734 788 866 886 aliquae
888 786 1141 861 adhorrebant.
1168 795 1287 879 Cuiu,

278 909 411 1007 ragina
442 908 582 994 incisa,
611 907 707 977 uteri
745 907 917 978 osculum
935 908 1191 995 retexissem
1222 933 1289 1006 ap-

280 1027 406 1128 paruit
422 1024 537 1120 hujus
557 1047 622 1094 ora
645 1024 752 1119 quasi
780 1024 819 1094 iu
836 1037 961 1122 partes
987 1021 1081 1096 duas
1108 1023 1159 1095 ab
1186 1041 1291 1097 ante·

280 1143 446 1216 rioribus
466 1138 513 1212 ad
532 1141 738 1237 posteriora
756 1138 881 1212 divisa.
906 1142 1051 1238 Nempe
1083 1166 1104 1213 e
1131 1141 1292 1240 siugulis

282 1263 364 1359 ejus
382 1283 455 1330 orae
480 1257 656 1330 lateribus
683 1257 836 1356 singulte
856 1256 1051 1330 exstabant
1074 1258 1291 1332 mediocres

284 1377 562 1464 excrescentiae3
578 1376 618 1446 iu
637 1373 796 1474 quibus,
819 1375 915 1446 sicut
928 1376 1040 1446 etiam
1052 1375 1092 1445 iu
1106 1377 1294 1472 proximis

285 1496 441 1570 cervicis
457 1485 679 1592 parietiBuS,
698 1490 864 1564 latebant
890 1492 1053 1577 cellulae,
1076 1515 1145 1563 seu
1179 1495 1297 1564 maris

286 1611 478 1697 vesiculae,
496 1611 533 1681 in
564 1612 684 1708 iisque
706 1610 826 1706 major
850 1609 990 1706 aliqua,
1011 1609 1132 1707 pleuae
1162 1635 1300 1682 omnes
1397 1605 1398 1608 '

287 1730 353 1802 illo
370 1730 453 1827 ipso
466 1735 595 1815 muoo'3
609 1729 681 1800 nisi
699 1726 803 1824 quod
822 1725 886 1798 hic
903 1725 1146 1816 flavescebat,
1165 1731 1236 1825 qui
1253 1754 1302 1801 se·
1399 1770 1400 1784 ι

289 1848 457 1919 cundum
496 1860 667 1919 naturam
701 1844 794 1917 solet
828 1843 876 1914 ad
912 1843 1084 1916 osculum
1120 1846 1299 1918 inveniri

290 1968 392 2036 Dum
417 1964 456 2032 in
476 1963 620 2034 cervice
639 1983 788 2034 sursum
817 1983 948 2036 versus
978 1958 1184 2032 in'oidenda
1213 1987 1303 2060 per-

293 2106 440 2180 gerem,
459 2103 545 2150 ecce
563 2103 607 2151 ex
626 2079 708 2176 ipso
726 2075 847 2150 fundo
867 2080 965 2150 uteri
986 2093 1144 2177 repente
1173 2079 1306 2177 prodit
1402 2159 1403 2162 Ἴ

294 2222 418 2270 serum
448 2195 650 2267 flavescens
678 2211 863 2293 quantum
895 2194 1085 2268 cochleari
1117 2197 1182 2266 vix
1201 2219 1307 2268 exce·

295 2316 429 2414 pisses:
451 2311 555 2410 quod
571 2336 693 2384 serum
713 2313 908 2411 quomodo
922 2315 962 2383 in
982 2337 1028 2385 eo
1046 2311 1170 2386 fundo
1189 2316 1303 2386 etiarn

295 2447 377 2506 tum
392 2455 479 2504 cum
494 2445 622 2504 uterus
639 2431 866 2504 eximeretur
880 2450 898 2522 ‚¹
910 2447 947 2504 et
969 2431 1045 2503 huc
1066 2433 1156 2503 illuc
1178 2434 1308 2504 volve·

296 2564 417 2639 retur,
431 2564 619 2621 retentum
636 2541 757 2640 esset,
778 2575 857 2622 non
878 2564 957 2622 erat
972 2547 1080 2622 facile
1105 2535 1169 2622 h²ic
1184 2553 1307 2648 conji-

298 2693 393 2742 cere.
416 2670 461 2738 Iu
471 2667 541 2738 alta
551 2691 669 2754 enirn
684 2691 771 2738 cum
789 2667 890 2740 idem
902 2669 1132 2756 occurrerit
1146 2667 1307 2740 credere

300 2786 406 2907 potui
443 2807 526 2856 sero
551 2782 774 2856 obstitisse
764 2786 918 2857 mtimos
941 2785 1097 2857 cervicis
1129 2786 1310 2873 laoertos‚

301 2893 398 3002 quos
414 2902 614 2974 crassiores
643 2899 776 2990 factos,
796 2918 832 2974 et
860 2901 1019 2974 confuso
1052 2902 1186 2974 ordine
1218 2906 1310 2976 sitos

301 3018 485 3094 ,videbam
507 3020 598 3108 Quae
617 3042 676 3090 res
706 3017 866 3089 hicnon
892 3015 983 3089 tuit:
1012 3043 1164 3091 summu
1181 3035 1311 3092 autem

302 3135 410 3208 tund1
425 3133 638 3235 parsferme
653 3149 731 3206 tota
741 3138 969 3234 ‚praesertim
983 3137 1189 3234 posterior,
1207 3135 1309 3208 foedo

303 3257 406 3328 intus
438 3253 565 3324 colore
590 3251 726 3340 ipiecta
756 3278 800 3324 ex
832 3255 942 3351 nigro
986 3253 1213 3327 rubescebat
1246 3281 1311 3353 pa-

305 3397 390 3444 rum
410 3387 557 3458 tamen,
575 3395 605 3442 sr
593 3369 821 3461 incideres,
840 3367 1057 3470 profundo,
1080 3387 1117 3444 et
1135 3373 1216 3444 sine
1235 3397 1313 3471 gra·

305 3489 546 3560 veolentia.

361 3629 414 3702 17·
444 3604 612 3676 Mulieris
642 3627 795 3701 quoque
822 3603 1130 3678 observationem
1170 3603 1311 3677 referre

308 3720 385 3792 huo
403 3735 529 3820 potes,
548 3745 662 3818 quam
683 3720 840 3820 epistol'a
859 3725 956 3794 XLV
977 3720 1032 3819 (t)
1050 3724 1248 3820 proposui.
1267 3727 1313 3794 ln

350 4005 394 4082 (t)
414 4007 451 4064 ιι.
477 4003 522 4062 ιι.
