2810 4668
327 446 399 518 620
488 471 535 516 ou
562 469 707 518 seorsus
733 472 776 518 rr
803 470 927 518 crusis
952 472 1161 520 uonuonun

328 583 475 654 Scilicet
500 599 564 654 aut
591 585 776 656 exteriora
805 584 870 655 illa
896 601 998 675 suu,
1035 565 1101 658 aul
1142 587 1307 657 interiora.
1378 679 1379 692 ἵ

326 701 557 788 Primorum,
579 701 655 774 huc
675 704 802 776 minus
825 705 1083 790 attinentium,
1104 703 1307 775 observatio·

326 842 393 889 nes
423 819 579 915 epistola
605 823 759 890 XXXIX
788 819 842 916 (1)
870 845 998 918 presse
1026 821 1307 892 commemoravi.
1378 805 1379 814 ἵ

326 938 556 1007 Interiorum
574 963 656 1034 quae
674 937 765 1008 allbi
783 940 958 1036 expositae
978 954 1084 1026 sunt,
1100 940 1309 1009 mentionem

326 1052 388 1124 hic
406 1050 553 1150 fecium,
576 1069 612 1138 et
631 1055 830 1152 quasdam,
851 1055 965 1128 alium
982 1056 1111 1128 locum
1129 1081 1209 1128 non
1227 1053 1310 1126 facile

326 1168 534 1260 habituras,
563 1171 747 1268 adjiciam.
773 1175 850 1265 Qui
866 1199 956 1246 vero
975 1156 1155 1246 tumores
1164 1175 1254 1258 intra
1268 1174 1309 1268 ip-

327 1311 404 1360 sam
423 1291 620 1386 ¹parietum
653 1292 752 1362 uteri
776 1291 1063 1364 crassitudinem
1095 1293 1308 1375 increscunt,

326 1429 491 1504 quorum
513 1431 632 1478 unum
659 1407 840 1506 descripsi
866 1410 1025 1507 epistola
1049 1413 1150 1481 XLV
1176 1408 1242 1505 (2),
1264 1407 1310 1476 hic

325 1509 1311 1625 ideoomittentur‚quianonsemper,etsiplurimum
1379 1509 1380 1514 ἵ

324 1657 548 1739 ¹augeantur,
564 1643 611 1714 ad
629 1646 727 1716 uteri
744 1669 879 1718 cavum
895 1647 1143 1744 perveniunt,
1162 1641 1311 1744 quemad-

322 1759 482 1850 modum
500 1763 674 1834 immauis
691 1762 752 1836 ille
772 1763 953 1854 ostendit,
975 1763 1022 1835 de
1042 1790 1124 1862 quo
1143 1764 1310 1862 superiore

323 1877 559 1974 Sepulchreti
583 1882 749 1952 sectione
774 1881 908 1980 legeris
931 1885 1053 1952 XXIII
1070 1883 1138 1976 (3).
1162 1881 1217 1954 Id
1233 1883 1310 1950 inte·

323 1995 423 2101 riora
435 1997 550 2094 igitur
562 1977 733 2096 spectant
746 2015 881 2097 praeter
891 2002 1036 2070 minuta
1045 1999 1113 2072 illa
1126 1996 1310 2083 tubercula,

324 2137 406 2210 quae
433 2138 547 2211 supra
571 2114 626 2210 (Δ)
651 2115 849 2214 descripsi,
873 2131 910 2188 et
927 2118 1103 2215 parvulas
1128 2118 1209 2190 illas
1225 2112 1311 2214 quasi

319 2253 515 2320 yerrucas,
539 2256 632 2328 quas
652 2257 695 2304 ea
719 2235 917 2309 occasione
942 2236 1236 2306 commemoravi
1251 2229 1310 2328 (5),
1379 2213 1380 2222 ἵ

322 2351 582 2420 excrescentiae
610 2351 781 2448 quaedam
810 2377 948 2450 parvae,
979 2353 1059 2424 aliae
1095 2355 1169 2426 alia
1196 2351 1311 2434 forma,

322 2466 475 2570 singulae
493 2468 530 2540 in
550 2470 603 2540 sin
609 2469 705 2567 gulis
721 2470 950 2568 quibusdam
964 2471 1081 2542 uteris
1095 2471 1158 2567 (6)
1172 2466 1310 2552 animad-

321 2604 450 2672 rersae,
477 2600 557 2656 tum
587 2585 724 2658 deinde
751 2587 829 2658 aliae
858 2588 1076 2687 humillimae
1103 2588 1268 2694 quidem,
1284 2597 1311 2654 et

321 2700 458 2798 planae,
476 2701 539 2774 sed
558 2703 706 2802 plures,
723 2729 794 2784 nec
809 2705 962 2778 modico
975 2705 1123 2778 ambitu
1136 2707 1206 2804 (7),
1223 2709 1310 2776 item-

321 2845 397 2921 que
425 2819 472 2892 de
498 2820 619 2894 tribus
642 2822 725 2914 dure
745 2824 874 2896 saltem
900 2849 969 2923 per
987 2849 1067 2896 non
1087 2839 1239 2898 tenuem
1257 2845 1308 2919 pe·

320 2936 532 3010 dunculum
557 2955 666 3010 utero
692 2937 825 3028 affixae‚
854 2943 1058 3038 minusque
1086 2941 1183 3014 dura
1207 2959 1308 3038 ,quam

297 3125 301 3134 ,
322 3055 402 3153 ipse
411 3054 631 3146 substantia,
639 3082 759 3156 eaque
770 3059 874 3142 intus
882 3073 1062 3156 extraque
1073 3055 1308 3132 cruentaadeo
