2814 4674
296 413 374 496 ἀπ’
460 431 507 479 nn
533 433 678 481 sturnus
703 431 746 479 rr
773 431 895 483 causis
922 433 1133 484 uoaaoaurr

295 561 353 618 ter
370 545 418 616 de
437 548 596 618 tumoris
619 536 753 618 natura
779 561 815 618 et
841 546 928 620 sede
958 547 1075 618 muita
1105 547 1300 636 disseruit,

299 685 462 762 quorum
494 662 573 734 baec
608 684 753 736 summa
773 661 864 752 fuit3
891 679 1081 739 tumorem
1100 689 1120 736 a
1143 689 1181 739 se
1200 666 1301 740 credi

299 781 512 868 mirrham,
528 780 593 854 scd
603 777 854 880 illegitimum,
872 783 977 881 quod
992 807 1228 882 compressus
1240 784 1301 855 do·

297 899 395 970 leret
411 923 420 968 ε
439 898 565 970 sedem
583 914 707 972 autem
727 899 867 973 habere
885 915 949 974 aut
967 903 1007 973 in
1027 917 1201 990 omento,
1215 905 1304 1002 quia

300 1031 338 1089 et
350 1015 500 1089 mobilis
519 1033 556 1090 et
573 1019 733 1092 extimus
747 1033 864 1108 esset3
883 1033 948 1092 aut
962 1019 992 1094 si
1009 1019 1094 1117 quis
1111 1019 1251 1107 maliet,
1263 1021 1303 1092 in

300 1136 550 1224 mesenteri03
571 1158 657 1208 uam
688 1152 725 1210 et
744 1136 819 1210 boc
840 1137 981 1210 mobile
1015 1151 1054 1211 et
1082 1161 1217 1236 magna
1240 1138 1305 1212 itta

300 1252 498 1350 praeditum
510 1253 707 1352 glandula,
718 1279 832 1354 quam
846 1255 958 1328 Asetii
967 1277 1147 1355 pancreas
1159 1269 1308 1344 uocant,

302 1370 409 1466 eujus
426 1385 554 1447 tumor
570 1397 785 1446 excrescere
804 1387 929 1472 posset
950 1373 1066 1462 aden,
1085 1387 1129 1446 ut
1148 1372 1195 1444 ad
1213 1395 1309 1443 ven·

200 1487 202 1492 ’
301 1489 369 1560 tris
382 1491 571 1562 anteriora
583 1492 796 1589 perveniat,
811 1491 1132 1590 quemadmodum
1147 1513 1185 1563 se
1198 1489 1310 1562 vidis·

304 1623 342 1676 sc
361 1606 400 1676 in
415 1606 580 1704 quodam
598 1608 777 1680 cadavere
795 1608 1179 1707 aiebat‚(quasivero
1194 1605 1308 1679 antid

303 1745 484 1821 pancreaa
500 1726 538 1795 in
559 1724 715 1798 bomine
740 1743 858 1814 esset,
889 1741 952 1798 aut
978 1725 1161 1824 glandulae
1181 1739 1309 1796 tumo·

303 1859 383 1912 rem
408 1841 455 1914 ad
472 1841 667 1913 immobile
689 1845 904 1915 mesenterii
932 1857 1126 1930 centrum,
1147 1857 1190 1914 ut
1213 1865 1309 1944 pan-

269 2030 273 2040 ,
304 1979 409 2030 creas
425 1959 538 2048 illud,
561 1960 708 2058 positae,
736 1961 788 2031 sic
807 1973 930 2032 totum
960 1959 1099 2032 ducere
1130 1961 1170 2030 in
1199 1957 1309 2029 alter-

303 2089 432 2146 utrum
448 2077 544 2148 latus
572 2101 687 2148 manu
707 2078 846 2150 liceret.
862 2078 878 2172 )
896 2077 1009 2169 Quod
1028 2076 1075 2148 ad
1099 2078 1311 2175 pertinaces

260 2233 262 2238 .
304 2179 531 2264 vomitiones
555 2210 763 2293 spectaret,
791 2193 911 2268 videri
929 2219 1008 2268 esse
1032 2195 1072 2264 in
1095 2195 1218 2292 pyloni
1243 2217 1309 2270 an-

305 2310 399 2381 nulo
428 2314 718 2384 excrescentium
747 2313 970 2411 quamdam,
1002 2312 1215 2384 obstantem
1245 2310 1312 2384 ali·

190 2471 197 2482 ·
305 2429 443 2500 mentis
467 2429 551 2500 illac
570 2432 800 2517 transituris,
820 2431 897 2500 haec
914 2443 1040 2502 autem
1058 2445 1204 2502 retenta
1219 2453 1311 2500 ven·

305 2546 482 2618 trientum
513 2549 682 2637 irritare3
708 2564 808 2625 certe
837 2571 985 2620 causam
1016 2549 1179 2620 vomitus
1212 2548 1312 2620 ultra

305 2687 395 2734 eum
416 2667 600 2738 annulum
625 2691 704 2739 non
730 2691 830 2751 esse,
850 2665 955 2764 quod
976 2667 1125 2738 nullum
1141 2689 1311 2764 unquam

306 2800 504 2880 appareret
534 2787 573 2856 in
605 2787 752 2882 rejectis
780 2783 961 2856 indicium
989 2783 1087 2855 bilis.
1109 2787 1241 2882 ltaque
1259 2783 1310 2858 ob

304 2903 529 2974 vomitiones
546 2905 705 2974 maciem
722 2902 874 2974 demum
896 2925 1082 2974 summam
1105 2917 1141 2974 et
1169 2902 1310 2974 lentam

306 3033 469 3088 mortem
492 3022 599 3092 vitari
625 3045 701 3090 nou
725 3041 856 3116 posse3
886 3018 936 3090 ob
962 3033 1148 3091 tumorem
1184 3033 1312 3090 autem

304 3135 416 3206 etiam
436 3137 564 3222 citam,
586 3127 788 3234 pu’rulenta
809 3161 854 3207 er
878 3161 923 3207 eo
939 3137 1094 3208 materia
1119 3159 1194 3206 una
1222 3159 1311 3208 cum

308 3257 489 3352 sanguine
517 3257 555 3324 in
579 3269 749 3325 ventrem
780 3251 908 3326 effusa.
936 3258 1108 3326 Attamen
1126 3255 1159 3326 si
1176 3253 1312 3353 quida

307 3373 455 3445 medico
476 3373 641 3471 praestari
660 3371 783 3443 adhuc
796 3389 936 3472 posset,
956 3397 1034 3442 non
1050 3372 1196 3443 auxiliis
1209 3385 1310 3442 exte-

305 3493 384 3564 rius
397 3490 576 3563 adhibitis
604 3491 669 3563 sed
690 3492 848 3562 internis
867 3515 947 3562 esse
963 3489 1198 3565 tentandum.
1213 3493 1311 3560 Nam

306 3611 354 3682 de
372 3609 558 3680 mittendo
577 3633 620 3679 ex
642 3607 983 3680 ltaemorrboidibus
1004 3609 1186 3707 sauguine
1206 3621 1313 3679 antc-

241 3755 245 3764 ·
309 3750 423 3825 quam
441 3727 539 3798 vires
556 3724 790 3815 fatiscerent,
808 3751 846 3798 se
865 3728 1075 3823 cogitante,
1092 3747 1232 3822 agrurn
1247 3723 1313 3796 ab·

309 3845 454 3916 nuissc:
480 3869 582 3914 nunc
610 3845 753 3916 viribus
779 3845 855 3941 jam
880 3841 1158 3931 fatiscentibus,
1182 3842 1312 3914 locum

307 3959 469 4059 amplius
487 3987 565 4034 non
583 3987 674 4035 esse.
692 3964 847 4035 Tumori
860 3977 986 4034 autem
1004 3985 1087 4059 quae
1104 3956 1312 4034 anteafuis·
