2740 4670
88 425 152 472 tm.
178 423 234 470 111.
263 423 309 470 nc
335 409 797 484 nounrsvnurms'‚nr1sr.
824 423 926 472 aeut.
956 400 1023 499 397
1097 429 1131 496 ;.χ

39 539 143 611 tentis
172 537 385 609 narratione
411 552 475 608 aut
507 533 740 607 medicorum
767 535 1027 614 observatidne

41 679 262 752 cognoscere.
281 653 394 724 Panlo
421 655 522 724 enim
536 667 671 758 postea
692 677 805 750 quam
834 651 955 726 fuerat
986 657 1026 726 in

40 770 102 839 hoc
117 771 373 844 nosocomium
396 769 537 877 illatus,
559 769 709 846 vivendi
735 769 850 844 finem
877 769 1025 858 fecerat.

42 886 207 976 Cadaver,
225 887 335 984 quale
363 885 566 984 idcumque
599 903 693 974 erat,
710 889 943 984 gymnasium
962 888 1028 960 ha-

41 1003 127 1090 buit,
150 1003 216 1074 ubi
238 1019 439 1076 anatomen
460 1002 689 1075 docebamus
710 1002 947 1102 frigidissima
966 1005 1029 1078 illa

43 1145 138 1216 qnam
148 1120 605 1218 alibi(t)memoravimus‚
619 1133 838 1218 tempestate
851 1146 909 1192 an.
927 1129 1030 1219 1740,

43 1235 214 1309 februario
234 1237 375 1310 meuse.
405 1230 547 1310 Venter
573 1237 669 1308 nihil
696 1238 875 1328 ostendit,
897 1256 1030 1338 praeter
1075 1321 1077 1324 ,

43 1372 194 1426 naturam
205 1409 216 1442 ,
229 1358 276 1448 si
293 1381 376 1452 quae
392 1354 439 1426 ad
453 1368 620 1428 scrotum
646 1356 825 1444 attinent,
846 1357 1029 1455 excipias,

45 1469 81 1542 de
97 1497 169 1569 quo
187 1489 275 1570 post
294 1472 484 1561 dicemus,
501 1488 538 1544 et
555 1473 652 1544 ossei
668 1472 811 1570 aliquid
830 1474 868 1545 in
885 1467 1031 1548 arteriis

44 1589 151 1662 iliacis.
174 1596 218 1661 ln
235 1591 399 1662 thoracis
423 1605 587 1688 utroque
613 1613 705 1662 cavo
727 1601 824 1687 aqua
849 1591 1028 1688 plurima:

45 1707 291 1804 inpericardio
316 1733 393 1779 non
414 1733 552 1806 pauca,
574 1707 660 1806 gelu
683 1705 826 1805 ubique
844 1725 1029 1794 concreta.

46 1825 229 1898 Pulmones
254 1841 397 1913 tamen,
413 1875 416 1879 -
432 1827 505 1898 nisi
535 1824 640 1923 quod
663 1826 757 1896 alter
778 1849 956 1924 maguum
979 1827 1030 1900 'ad

46 1954 184 2014 tractum
201 1957 282 2014 erat
301 1967 386 2014 cum
400 1942 531 2040 pleura
543 1945 753 2027 connexus,
767 1942 857 2014 etad
868 1945 1028 2040 primam

45 2056 298 2133 brouchiorum
311 2049 564 2158 partitionem,
577 2062 676 2144 inter
692 2059 820 2158 plures
833 2059 1032 2132 bronchia-

46 2175 88 2249 les
102 2176 291 2275 glandulas
304 2203 416 2250 uuam
429 2178 697 2276 magnitudinis
714 2177 816 2248 hand
831 2179 1031 2252 mediocris

48 2292 217 2386 habuere,
236 2297 334 2368 nibil
344 2296 524 2371 notabilis
538 2294 902 2366 uitiiosteuderuut:
920 2312 959 2367 ut
972 2311 1034 2388 ue·

49 2435 228 2508 qnecrura
259 2430 321 2492 aut
346 2413 461 2512 pedes
479 2414 598 2484 ullum
629 2412 689 2482 vel
719 2413 814 2484 levis
842 2412 1035 2490 oedematis

49 2529 426 2620 initum.zt>ericardii,
443 2531 633 2602 crassioris
648 2527 754 2616 laeti,
775 2531 944 2600 interiori
972 2555 1035 2602 su-

50 2647 214 2742 perficiei,
232 2650 410 2722 exteriori
434 2663 558 2720 autem
587 2647 710 2718 cordis
734 2646 948 2747 adhaerebat
971 2647 1034 2719 hie

49 2762 109 2836 illic
132 2791 251 2840 crassa
282 2767 451 2864 quaedam
482 2767 587 2864 quasi
613 2763 1032 2863 purilormis³materia,

51 2903 146 2974 quam
170 2884 407 2958 viscidiorem
423 2899 459 2958 et
478 2883 696 2982 polyposam
725 2884 804 2978 ejus
822 2907 926 2978 aquae
950 2906 1033 2978 par·

51 3010 112 3069 tem
129 2999 235 3074 fnisse
257 3007 406 3091 ceusui;
433 3027 514 3099 quae
531 2993 644 3098 aqua,
666 3015 720 3072 ut·
734 3000 830 3087 dixi,
852 3001 947 3080 intra
968 3024 1034 3096 pe.-

52 3115 234 3192 ricardium
252 3120 558 3219 conglaciuverat.
577 3125 626 3190 Ea
646 3119 798 3199 materia
817 3141 902 3187 cum
923 3107 1036 3194 acor·

54 3229 90 3302 de
103 3237 337 3324 avelleretur,
356 3237 549 3338 pinguedo
571 3263 652 3333 quan
673 3235 745 3306 hoc
761 3233 945 3330 titulique,
966 3257 1036 3305 nec

55 3373 174 3444 pauca,
188 3355 404 3454 operiebat,
423 3355 485 3438 liic
505 3354 581 3425 illic
596 3355 700 3450 qirasi
721 3375 825 3423 erosa
850 3353 1037 3448 relinque·

55 3461 159 3539 batur.
190 3475 270 3561 Qua
299 3497 358 3544 me
387 3474 510 3569 specie
531 3469 652 3566 decipi
681 3495 757 3539 nou
784 3493 865 3538 sum
888 3491 1037 3566 passus,

57 3604 168 3658 eorum
184 3613 329 3660 mernor
340 3644 351 3678 ,
364 3586 914 3688 qaamolimauimadverteram,
935 3601 976 3656 ut
990 3585 1037 3656 ad
1090 3641 1093 3648 .

93 3955 131 4035 (Ι)
149 3962 239 4040 Epist.
255 3965 306 4048 13,
319 3981 350 4032 u.
366 3961 394 4020 5.
