2726 4676
273 465 344 524 arc
433 459 482 544 nn
505 451 651 510 sarnus
676 447 720 502 nr·
745 445 869 500 causis
894 429 1104 495 troasonun

273 590 371 658 intra
389 579 551 652 vesicam
572 565 797 644 ascendebat
819 587 896 633 non
914 559 961 632 ab
979 558 1184 644 anteriore,
1205 543 1273 626 sed

193 691 231 774 s'*
275 705 322 776 ab
350 725 393 772 ea
418 710 523 795 parte
543 691 603 762 cui
621 700 767 760 rectum
791 680 935 777 adjacet
956 678 1189 748 intestinum.
1210 671 1279 742 llla

274 837 402 894 tamen
422 833 574 912 quoque
587 807 625 876 in
637 799 867 875 Adversariis
883 795 936 894 (ι)
949 807 1172 879 memorata,
1187 790 1279 885 ejus·

277 939 363 1010 dem
377 927 561 1030 glandulas
574 915 810 995 subrutunda
823 937 1014 1014 propago,
1033 911 1106 981 nisi
1117 907 1218 1006 quod
1229 903 1280 976 ab

277 1069 434 1130 externo
448 1043 590 1119 ambitu
606 1065 643 1112 se
662 1033 883 1122 extollebat,
899 1046 936 1103 et
954 1027 1165 1102 secundum
1180 1037 1284 1095 natu·

277 1192 359 1246 ram
377 1167 501 1240 adhuc
519 1183 598 1235 esse
623 1157 700 1226 visa
720 1167 795 1240 est,
815 1149 898 1236 illa,
921 1150 1097 1246 inquam,
1119 1141 1282 1215 medium
1352 1183 1353 1226 3

280 1292 420 1391 pariter
438 1279 685 1384 posteriorem
699 1288 964 1364 summumque
979 1264 1106 1334 locum
1122 1260 1282 1333 tenebat.
1352 1327 1353 1356 ἶ

281 1414 466 1481 Caeterum¹
488 1399 545 1470 hae
563 1419 645 1494 quae
663 1401 796 1489 prater
813 1399 986 1456 naturam
1004 1395 1108 1467 sunt,
1131 1379 1286 1450 interius

281 1551 341 1600 res
364 1505 480 1620 hujus
510 1512 693 1616 glandulae
714 1503 974 1578 excrescentia
999 1509 1080 1570 non·
1104 1495 1287 1594 simplices

284 1663 450 1742 semper,
469 1634 534 1709 sed
552 1649 589 1704 et
606 1627 776 1726 duplices
789 1611 1068 1716 nonnunquam
1088 1630 1196 1702 sunt,
1224 1637 1287 1683 cu·
1352 1617 1353 1622 ’

198 1737 203 1754 ¹
281 1744 447 1861 jusmodi
469 1752 532 1824 illa
557 1759 664 1820 erant
690 1767 711 1812 a
736 1738 881 1810 Thoma
908 1733 1128 1806 Bartholino
1156 1727 1288 1802 Patavii

286 1875 539 1977 deprehensa,
554 1892 599 1938 ex
613 1861 824 1934 substantia
835 1849 1064 1952 glandulosae
1079 1864 1116 1919 et
1129 1844 1288 1920 candido
1352 1887 1353 1932 1

286 2001 384 2070 intra
397 1989 558 2074 vesicam
576 1973 766 2051 tubercula
787 1973 875 2045 bina
887 2024 897 2059 ,
905 1968 1042 2064 forma
1058 1981 1095 2036 ct
1111 1968 1288 2061 magnitu-
1352 1987 1353 1992 ¹

287 2113 375 2186 dine
401 2109 566 2189 testium,
591 2091 791 2196 aequaliter
814 2115 852 2161 se
870 2111 987 2201 supra
1006 2087 1186 2174 foramen
1210 2077 1288 2152 uol-

290 2233 435 2309 venata,
452 2243 539 2320 quae
553 2214 735 2288 cedebant
750 2213 910 2308 syringoe
927 2207 1122 2289 immissae,
1142 2198 1211 2270 sed
1225 2212 1291 2270 sta·
1352 2259 1353 2314 g

292 2354 356 2419 tim
373 2339 589 2415 recidebant
602 2339 639 2402 in
652 2333 853 2428 pristinum
871 2323 1008 2408 locztm,
1028 2318 1096 2389 alla
1109 2331 1289 2400 cenacto,
1352 2317 1353 2388 I

148 2452 153 2458 ’
226 2541 227 2544 ,
292 2453 612 2564 quemadmodum
630 2451 670 2518 in
693 2446 857 2546 sectione
878 2439 949 2511 hac
971 2434 1208 2536 Sepulchreti
1229 2433 1289 2504 ha·
1352 2405 1353 2500 ss

290 2585 358 2656 bes
372 2578 492 2651 XXIV
502 2571 571 2671 (a)
596 2569 685 2658 Quae
696 2563 787 2636 bina
799 2557 1203 2651 tuberculanunquam
1214 2555 1290 2622 Ter·
1352 2521 1353 2542 ¹

292 2721 428 2774 raneus
440 2695 494 2793 (3)
513 2714 584 2789 pro
600 2682 773 2780 Cowperi
793 2675 1000 2777 glandulis,
1018 2695 1112 2771 quas
1129 2693 1213 2743 suas
1228 2691 1292 2740 cre·
1352 2645 1353 2692 ³

242 2829 251 2832 “
293 2817 425 2904 debat,
443 2804 656 2884 tumefactis
672 2798 895 2896 accepisset,
917 2793 948 2864 si
963 2788 1226 2863 Bartholinnm
1246 2786 1292 2857 le-

295 2961 406 3036 gens,
424 2938 460 3002 in
474 2932 600 3001 vesica
611 2931 759 3018 reperta
772 2937 850 2986 esse
862 2907 1195 2984 animadvertisset.
1213 2907 1291 2976 Non
1352 2885 1353 2974 i

296 3055 427 3152 legisse
445 3062 594 3130 autem,
615 3053 726 3134 atquc
747 3049 838 3104 tunc
858 3031 1003 3102 utinam
1019 3041 1187 3112 tantum,
1208 3021 1292 3095 reri·
1352 3103 1353 3116 ¹

296 3169 416 3244 simile
428 3181 502 3250 est,
515 3152 603 3232 cum
617 3151 923 3226 observationum
939 3141 1153 3217 undeunde
1164 3165 1293 3238 cogen-
1352 3149 1353 3232 1

296 3289 430 3361 darum
448 3297 484 3378 et
498 3253 868 3358 transcribendarum
884 3264 1091 3349 studiosus,
1106 3260 1293 3330 hancBar-

295 3403 433 3479 tholini
454 3395 586 3469 haberi
607 3390 816 3488 scripserit,
842 3399 933 3457 cent.
960 3409 1000 3469 1,
1021 3381 1104 3452 hist.
1131 3373 1196 3467 23,
1221 3395 1294 3474 quae
1352 3395 1353 3420 ¹

300 3535 396 3595 cent.
419 3517 580 3614 habetur
600 3537 641 3595 2,
663 3507 748 3578 hist.
770 3505 826 3578 52.
846 3507 986 3574 Verum
1006 3500 1035 3570 si
1053 3491 1293 3570 eatubercula
1352 3583 1353 3594 ἵ
