2746 4674
277 465 345 554 134
435 489 482 536 nn
509 487 655 536 seorsus
679 441 872 536 decausis
896 483 1104 536 nonnonnu
1193 481 1196 486 '

276 602 448 676 ciendam
468 627 603 673 renum
637 599 814 672 fabricam
845 602 1101 700 experimenti.
1124 605 1182 673 Ex
1216 601 1296 674 bac

274 722 426 821 potius,
447 719 783 817 aliisquehistoriis
798 743 910 818 supra
923 721 1140 792 memoratis
1150 721 1196 789 in
1211 743 1296 790 me-

275 840 434 910 moriam
454 836 570 908 redeo
588 837 760 926 alterius,
780 861 895 935 qnam
920 861 964 908 ex
985 837 1142 909 Willisio
1171 863 1301 936 repe-

274 958 348 1028 ries
365 957 405 1026 in
420 955 711 1054 Sepufcbretum
732 955 787 1054 (ι’)
802 956 1028 1028 translatam.
1047 959 1091 1030 In
1109 979 1151 1026 ea
1168 953 1299 1028 nobis

275 1089 449 1144 matrona
467 1073 727 1146 describitura
742 1074 868 1145 multis
883 1075 960 1170 jam
979 1075 1105 1160 annis,
1134 1073 1296 1171 potissi·

275 1215 380 1262 mum
397 1215 489 1264 vero
509 1192 822 1289 quotiescumque
838 1206 1083 1290 conceperat,
1105 1192 1150 1264 iis
1178 1213 1295 1290 spas⁴

276 1309 436 1384 modicis
450 1307 647 1382 affectibus
668 1311 793 1381 vexari
810 1309 940 1396 solita,
959 1308 1009 1380 ob
1035 1331 1132 1407 quos
1150 1307 1227 1398 sub
1244 1305 1306 1410 fi·-

274 1453 361 1499 nem
376 1429 477 1500 tertii
490 1429 628 1501 mensis
641 1428 815 1500 abortum
828 1447 977 1526 semper
986 1425 1163 1514 faciebat,
1178 1425 1292 1526 quod

275 1549 477 1618 novissime
505 1571 661 1645 quoquc
695 1549 923 1646 contigerat,
953 1547 1072 1618 acutis
1106 1545 1293 1617 videficet

275 1663 495 1736 lumborum
522 1666 728 1762 prasertim
754 1663 949 1736 doloribus
978 1687 1057 1734 non
1083 1663 1200 1736 semel
1230 1687 1291 1733 re·

200 1851 201 1856 ,
277 1782 506 1870 deuntibus,
527 1799 564 1854 et
581 1799 711 1880 postea
724 1807 879 1880 quoque
899 1784 1053 1866 acriter,
1071 1778 1292 1878 ferensque

276 1899 324 1970 ad
344 1913 554 1970 extremum
567 1901 649 1970 vitae
666 1899 786 1987 diem,
811 1901 876 1998 qui
895 1900 1109 1996 trigesimus
1127 1900 1290 1994 quintus

276 2013 347 2086 fuit
364 2015 412 2086 ab
430 2015 589 2103 obortu,
611 2039 697 2087 cum
719 2017 864 2088 vomitu
879 2014 1149 2088 divexantibus.
1169 2013 1290 2086 Cada-

276 2155 366 2203 vere
385 2134 528 2222 i'nciso,
547 2134 726 2205 Willisius
745 2157 825 2206 non
849 2132 1032 2206 dubitavit
1053 2135 1146 2230 quin
1177 2132 1290 2203 doio·

278 2275 363 2320 rum
383 2275 494 2332 causa
505 2251 700 2322 statuenda
711 2267 806 2325 esset
822 2255 861 2322 in
879 2275 974 2348 aqua
994 2254 1091 2324 intra
1110 2251 1288 2322 cranium

279 2366 537 2465 deprebensa;
554 2393 636 2466 quae
654 2369 743 2441 inde
761 2393 830 2468 per
855 2392 992 2442 nereos
1008 2371 1046 2439 in
1069 2367 1289 2446 mesenterii

279 2499 452 2556 centrum
473 2482 645 2585 delapsa,
663 2487 902 2560 membranas
926 2488 1168 2574 distraxisset,
1190 2483 1289 2583 quas

277 2602 330 2674 ibi
347 2605 545 2700 interjecto
561 2629 647 2676 aere
667 2626 745 2676 non
763 2629 871 2678 secus
883 2605 1046 2677 divulsas
1060 2605 1225 2691 invenit,
1245 2627 1288 2674 ac

276 2721 305 2791 si
325 2721 446 2793 famus
471 2720 708 2814 insufflasset.
741 2723 929 2821 Equidem
950 2747 1029 2794 non
1053 2723 1085 2794 is
1109 2746 1194 2794 sum
1218 2721 1288 2820 qui

171 2875 176 2882 ·
275 2840 643 2936 aquam,cerebrum
668 2839 935 2930 inundantem,
955 2839 1212 2940 spasmodicos
1233 2838 1286 2910 fa·

274 2979 358 3028 cere
375 2951 485 3054 'posse
505 2957 656 3029 dolores
684 2983 830 3056 negem.
860 2956 931 3028 Sed
953 2973 1079 3029 tamen
1105 2959 1145 3027 in
1170 2956 1285 3028 cada-

274 3095 362 3142 vere
385 3073 489 3172 quod
509 3077 707 3160 citissime,
731 3077 796 3162 ait,
821 3076 1111 3174 computruisse,
1137 3069 1285 3145 facilius

275 3205 330 3260 est
340 3213 478 3280 aerem,
489 3193 595 3262 iffum
610 3195 676 3290 qui
690 3191 919 3282 membranis
932 3207 1010 3264 erat
1022 3193 1282 3290 interpositus,

271 3330 292 3376 a
303 3309 504 3404 putredine
516 3311 596 3408 ipsa
605 3311 937 3382 recensevolutum
950 3311 1152 3408 concipere
1162 3333 1282 3408 quam

269 3411 309 3494 in
329 3427 475 3498 vivente
490 3428 567 3522 jam
585 3424 709 3498 fuisse.
735 3427 835 3534 Quid
861 3453 951 3526 ergo
971 3428 1055 3498 est?
1075 3432 1106 3498 A
1124 3427 1282 3498 renibus

266 3539 422 3614 fortasse
455 3544 618 3640 petenda
647 3546 762 3618 altera
799 3567 907 3618 causa
934 3543 1078 3632 fuerat,
1115 3569 1199 3642 quae
1233 3543 1280 3616 ad

258 3683 403 3756 ,aquam
430 3659 531 3729 iliam
555 3661 791 3756 adjiceretur.
824 3665 919 3733 Nam
944 3687 1054 3733 renes
1085 3663 1173 3732 satis
1197 3663 1280 3760 qui·

265 3776 352 3846 dem
380 3802 490 3850 sanos
517 3775 631 3851 fuisse
654 3778 788 3865 refert;
817 3780 975 3866 alterum
997 3794 1124 3850 tamen
1147 3803 1279 3854 eornm

302 4017 344 4100 (r)
366 4023 401 4080 L.
421 4041 458 4092 1,
475 3979 547 4080 sect.
566 4025 620 4092 13,
634 4023 698 4079 obs.
716 4042 742 4092 7.
