<?xml version="1.0" encoding="UTF-8"?>
<!DOCTYPE html PUBLIC "-//W3C//DTD XHTML 1.0 Transitional//EN"
    "http://www.w3.org/TR/xhtml1/DTD/xhtml1-transitional.dtd">
<html xmlns="http://www.w3.org/1999/xhtml" xml:lang="en" lang="en">
 <head>
  <title>
</title>
<meta http-equiv="Content-Type" content="text/html;charset=utf-8" />
  <meta name='ocr-system' content='tesseract 3.04.00' />
  <meta name='ocr-capabilities' content='ocr_page ocr_carea ocr_par ocr_line ocrx_word'/>
</head>
<body>
  <div class='ocr_page' id='page_1' title='image "./desedibusetcaus05adelgoog_0208.png"; bbox 0 0 2746 4674; ppageno 0'>
   <div class='ocr_carea' id='block_1_1' title="bbox 121 445 1052 532">
    <p class='ocr_par' dir='ltr' id='par_1_1' title="bbox 121 445 1052 532">
     <span class='ocr_line' id='line_1_1' title="bbox 121 445 1052 532; baseline 0.005 -17"><span class='ocrx_word' id='word_1_1' title='bbox 121 469 196 516; x_wconf 82' lang='lat' dir='ltr'>ms.</span> <span class='ocrx_word' id='word_1_2' title='bbox 222 469 280 518; x_wconf 80' lang='lat' dir='ltr'>nr.</span> <span class='ocrx_word' id='word_1_3' title='bbox 306 469 353 515; x_wconf 83' lang='lat' dir='ltr'>mr</span> <span class='ocrx_word' id='word_1_4' title='bbox 378 467 514 516; x_wconf 76' lang='lat' dir='ltr'>rtonsrs</span> <span class='ocrx_word' id='word_1_5' title='bbox 537 468 707 532; x_wconf 72' lang='lat' dir='ltr'>esurus,</span> <span class='ocrx_word' id='word_1_6' title='bbox 731 469 842 518; x_wconf 77' lang='lat' dir='ltr'>rrrsr.</span> <span class='ocrx_word' id='word_1_7' title='bbox 869 465 942 518; x_wconf 79' lang='lat' dir='ltr'>xm.</span> <span class='ocrx_word' id='word_1_8' title='bbox 982 445 1052 520; x_wconf 74' lang='lat'>203</span> 
     </span>
    </p>
   </div>
   <div class='ocr_carea' id='block_1_2' title="bbox 52 579 1152 3970">
    <p class='ocr_par' dir='ltr' id='par_1_2' title="bbox 52 579 1152 3970">
     <span class='ocr_line' id='line_1_2' title="bbox 52 579 1056 680; baseline 0 -26"><span class='ocrx_word' id='word_1_9' title='bbox 52 585 152 680; x_wconf 87' lang='lat' dir='ltr'>ipsa,</span> <span class='ocrx_word' id='word_1_10' title='bbox 173 582 347 679; x_wconf 87' lang='lat' dir='ltr'>quamvis</span> <span class='ocrx_word' id='word_1_11' title='bbox 364 596 567 680; x_wconf 78' lang='lat' dir='ltr'>supponat,</span> <span class='ocrx_word' id='word_1_12' title='bbox 583 579 768 653; x_wconf 83' lang='lat' dir='ltr'>diabetcm</span> <span class='ocrx_word' id='word_1_13' title='bbox 789 582 1056 680; x_wconf 78' lang='lat' dir='ltr'>aprarcedente</span> 
     </span>
     <span class='ocr_line' id='line_1_3' title="bbox 52 699 1146 800; baseline 0.004 -30"><span class='ocrx_word' id='word_1_14' title='bbox 52 699 131 770; x_wconf 83' lang='lat' dir='ltr'>lotii</span> <span class='ocrx_word' id='word_1_15' title='bbox 148 700 194 770; x_wconf 88' lang='lat' dir='ltr'>in</span> <span class='ocrx_word' id='word_1_16' title='bbox 219 699 374 772; x_wconf 80' lang='lat' dir='ltr'>renibus</span> <span class='ocrx_word' id='word_1_17' title='bbox 396 713 433 772; x_wconf 87' lang='lat' dir='ltr'>ct</span> <span class='ocrx_word' id='word_1_18' title='bbox 456 699 668 772; x_wconf 79' lang='lat' dir='ltr'>uretcribns</span> <span class='ocrx_word' id='word_1_19' title='bbox 690 702 902 774; x_wconf 78' lang='lat' dir='ltr'>retentione</span> <span class='ocrx_word' id='word_1_20' title='bbox 920 725 1059 800; x_wconf 79' lang='lat' dir='ltr'>prore·-</span> <span class='ocrx_word' id='word_1_21' title='bbox 1145 707 1146 710; x_wconf 72' lang='grc'>’</span> 
     </span>
     <span class='ocr_line' id='line_1_4' title="bbox 52 816 1057 916; baseline -0.001 -31"><span class='ocrx_word' id='word_1_22' title='bbox 52 817 133 888; x_wconf 85' lang='lat' dir='ltr'>nire</span> <span class='ocrx_word' id='word_1_23' title='bbox 144 871 165 901; x_wconf 85' lang='lat'>,.</span> <span class='ocrx_word' id='word_1_24' title='bbox 185 817 290 888; x_wconf 85' lang='lat' dir='ltr'>uude</span> <span class='ocrx_word' id='word_1_25' title='bbox 316 837 361 889; x_wconf 79' lang='lat' dir='ltr'>ex</span> <span class='ocrx_word' id='word_1_26' title='bbox 384 841 429 888; x_wconf 88' lang='lat' dir='ltr'>eo</span> <span class='ocrx_word' id='word_1_27' title='bbox 449 816 613 888; x_wconf 88' lang='lat' dir='ltr'>multum</span> <span class='ocrx_word' id='word_1_28' title='bbox 631 818 672 890; x_wconf 87' lang='lat' dir='ltr'>in</span> <span class='ocrx_word' id='word_1_29' title='bbox 691 817 910 915; x_wconf 79' lang='lat' dir='ltr'>sanguinem</span> <span class='ocrx_word' id='word_1_30' title='bbox 929 827 1057 916; x_wconf 45' lang='lat' dir='ltr'>regne}</span> 
     </span>
     <span class='ocr_line' id='line_1_5' title="bbox 53 931 1059 1024; baseline 0.004 -20"><span class='ocrx_word' id='word_1_31' title='bbox 53 932 200 1024; x_wconf 81' lang='lat' dir='ltr'>diatur,</span> <span class='ocrx_word' id='word_1_32' title='bbox 222 957 332 1022; x_wconf 84' lang='lat' dir='ltr'>mox,</span> <span class='ocrx_word' id='word_1_33' title='bbox 356 933 502 1006; x_wconf 83' lang='lat' dir='ltr'>sublata</span> <span class='ocrx_word' id='word_1_34' title='bbox 521 935 742 1007; x_wconf 73' lang='lat' dir='ltr'><strong>retentionis</strong></span> <span class='ocrx_word' id='word_1_35' title='bbox 763 958 895 1023; x_wconf 81' lang='lat' dir='ltr'>causa,</span> <span class='ocrx_word' id='word_1_36' title='bbox 915 931 1059 1008; x_wconf 82' lang='lat' dir='ltr'>affatim</span> 
     </span>
     <span class='ocr_line' id='line_1_6' title="bbox 54 1049 1058 1152; baseline 0.005 -31"><span class='ocrx_word' id='word_1_37' title='bbox 54 1049 275 1148; x_wconf 67' lang='lat' dir='ltr'>proditum</span> <span class='ocrx_word' id='word_1_38' title='bbox 291 1075 336 1124; x_wconf 90' lang='lat' dir='ltr'>eo</span> <span class='ocrx_word' id='word_1_39' title='bbox 351 1065 478 1122; x_wconf 83' lang='lat' dir='ltr'>tomen</span> <span class='ocrx_word' id='word_1_40' title='bbox 492 1051 589 1122; x_wconf 88' lang='lat' dir='ltr'>redit</span> <span class='ocrx_word' id='word_1_41' title='bbox 605 1066 648 1124; x_wconf 86' lang='lat' dir='ltr'>ut</span> <span class='ocrx_word' id='word_1_42' title='bbox 664 1073 799 1124; x_wconf 85' lang='lat' dir='ltr'>renum</span> <span class='ocrx_word' id='word_1_43' title='bbox 814 1075 930 1152; x_wconf 88' lang='lat' dir='ltr'>poros</span> <span class='ocrx_word' id='word_1_44' title='bbox 945 1052 993 1128; x_wconf 86' lang='lat' dir='ltr'>ab</span> <span class='ocrx_word' id='word_1_45' title='bbox 1014 1077 1058 1126; x_wconf 77' lang='lat' dir='ltr'>ea</span> 
     </span>
     <span class='ocr_line' id='line_1_7' title="bbox 55 1163 1152 1270; baseline 0.007 -34"><span class='ocrx_word' id='word_1_46' title='bbox 55 1168 130 1264; x_wconf 86' lang='lat' dir='ltr'>ipsa</span> <span class='ocrx_word' id='word_1_47' title='bbox 155 1170 372 1242; x_wconf 86' lang='lat' dir='ltr'>retentione</span> <span class='ocrx_word' id='word_1_48' title='bbox 392 1184 430 1240; x_wconf 82' lang='lat' dir='ltr'>et</span> <span class='ocrx_word' id='word_1_49' title='bbox 455 1169 669 1242; x_wconf 82' lang='lat' dir='ltr'>reversione</span> <span class='ocrx_word' id='word_1_50' title='bbox 693 1169 835 1244; x_wconf 78' lang='lat' dir='ltr'>laxatos</span> <span class='ocrx_word' id='word_1_51' title='bbox 854 1163 1058 1270; x_wconf 77' lang='lat' dir='ltr'>significet,</span> <span class='ocrx_word' id='word_1_52' title='bbox 1150 1193 1152 1198; x_wconf 84' lang='grc'><em>·</em></span> 
     </span>
     <span class='ocr_line' id='line_1_8' title="bbox 58 1286 1058 1386; baseline 0.007 -31"><span class='ocrx_word' id='word_1_53' title='bbox 58 1309 141 1356; x_wconf 79' lang='lat' dir='ltr'>cem</span> <span class='ocrx_word' id='word_1_54' title='bbox 159 1287 205 1357; x_wconf 84' lang='lat' dir='ltr'>in</span> <span class='ocrx_word' id='word_1_55' title='bbox 215 1286 383 1384; x_wconf 65' lang='lat' dir='ltr'>qznodam</span> <span class='ocrx_word' id='word_1_56' title='bbox 397 1288 542 1360; x_wconf 87' lang='lat' dir='ltr'>Comite</span> <span class='ocrx_word' id='word_1_57' title='bbox 561 1290 627 1386; x_wconf 89' lang='lat' dir='ltr'>qni</span> <span class='ocrx_word' id='word_1_58' title='bbox 642 1287 788 1362; x_wconf 85' lang='lat' dir='ltr'>diabete</span> <span class='ocrx_word' id='word_1_59' title='bbox 804 1288 1058 1380; x_wconf 84' lang='lat' dir='ltr'>laboraverat,</span> 
     </span>
     <span class='ocr_line' id='line_1_9' title="bbox 57 1403 1059 1504; baseline 0.007 -31"><span class='ocrx_word' id='word_1_60' title='bbox 57 1403 230 1476; x_wconf 74' lang='lat' dir='ltr'>adextris</span> <span class='ocrx_word' id='word_1_61' title='bbox 251 1422 288 1477; x_wconf 84' lang='lat' dir='ltr'>et</span> <span class='ocrx_word' id='word_1_62' title='bbox 306 1430 375 1477; x_wconf 89' lang='lat' dir='ltr'>ren</span> <span class='ocrx_word' id='word_1_63' title='bbox 386 1404 506 1504; x_wconf 85' lang='lat' dir='ltr'>duplo</span> <span class='ocrx_word' id='word_1_64' title='bbox 521 1406 637 1504; x_wconf 80' lang='lat' dir='ltr'>magis</span> <span class='ocrx_word' id='word_1_65' title='bbox 654 1407 967 1502; x_wconf 82' lang='lat' dir='ltr'>qnnmasinistris</span> <span class='ocrx_word' id='word_1_66' title='bbox 981 1431 1059 1480; x_wconf 71' lang='lat' dir='ltr'>aru-1</span> 
     </span>
     <span class='ocr_line' id='line_1_10' title="bbox 59 1520 1057 1616; baseline -0.002 -24"><span class='ocrx_word' id='word_1_67' title='bbox 59 1520 263 1616; x_wconf 67' lang='lat' dir='ltr'>filibertus,</span> <span class='ocrx_word' id='word_1_68' title='bbox 278 1537 314 1594; x_wconf 88' lang='lat' dir='ltr'>et</span> <span class='ocrx_word' id='word_1_69' title='bbox 332 1537 457 1594; x_wconf 88' lang='lat' dir='ltr'>ureter</span> <span class='ocrx_word' id='word_1_70' title='bbox 474 1521 579 1598; x_wconf 85' lang='lat' dir='ltr'>valde</span> <span class='ocrx_word' id='word_1_71' title='bbox 594 1547 638 1594; x_wconf 81' lang='lat' dir='ltr'>ao</span> <span class='ocrx_word' id='word_1_72' title='bbox 655 1520 858 1594; x_wconf 84' lang='lat' dir='ltr'>farciminis</span> <span class='ocrx_word' id='word_1_73' title='bbox 876 1525 993 1595; x_wconf 84' lang='lat' dir='ltr'>instar</span> <span class='ocrx_word' id='word_1_74' title='bbox 1004 1523 1057 1596; x_wconf 63' lang='lat' dir='ltr'>di,</span> 
     </span>
     <span class='ocr_line' id='line_1_11' title="bbox 59 1637 1058 1738; baseline 0.004 -30"><span class='ocrx_word' id='word_1_75' title='bbox 59 1637 190 1711; x_wconf 76' lang='lat' dir='ltr'>letatus</span> <span class='ocrx_word' id='word_1_76' title='bbox 215 1641 441 1737; x_wconf 79' lang='lat' dir='ltr'>apparuerit.</span> <span class='ocrx_word' id='word_1_77' title='bbox 468 1644 545 1738; x_wconf 83' lang='lat' dir='ltr'>Ego</span> <span class='ocrx_word' id='word_1_78' title='bbox 569 1663 742 1738; x_wconf 86' lang='lat' dir='ltr'>quoquc,</span> <span class='ocrx_word' id='word_1_79' title='bbox 767 1654 808 1712; x_wconf 84' lang='lat' dir='ltr'>nt</span> <span class='ocrx_word' id='word_1_80' title='bbox 833 1641 990 1712; x_wconf 90' lang='lat' dir='ltr'>minime</span> <span class='ocrx_word' id='word_1_81' title='bbox 1014 1641 1058 1712; x_wconf 81' lang='lat' dir='ltr'>in</span> 
     </span>
     <span class='ocr_line' id='line_1_12' title="bbox 59 1756 1058 1856; baseline 0.005 -32"><span class='ocrx_word' id='word_1_82' title='bbox 59 1756 237 1828; x_wconf 89' lang='lat' dir='ltr'>omnibns</span> <span class='ocrx_word' id='word_1_83' title='bbox 252 1756 536 1855; x_wconf 83' lang='lat' dir='ltr'>explicationem</span> <span class='ocrx_word' id='word_1_84' title='bbox 562 1756 661 1828; x_wconf 83' lang='lat' dir='ltr'>bano</span> <span class='ocrx_word' id='word_1_85' title='bbox 689 1781 887 1854; x_wconf 87' lang='lat' dir='ltr'>sequerer,</span> <span class='ocrx_word' id='word_1_86' title='bbox 913 1757 1058 1856; x_wconf 84' lang='lat' dir='ltr'>quippe</span> 
     </span>
     <span class='ocr_line' id='line_1_13' title="bbox 60 1873 1058 1971; baseline 0 -27"><span class='ocrx_word' id='word_1_87' title='bbox 60 1893 143 1944; x_wconf 82' lang='lat' dir='ltr'>oum</span> <span class='ocrx_word' id='word_1_88' title='bbox 157 1875 196 1944; x_wconf 91' lang='lat' dir='ltr'>in</span> <span class='ocrx_word' id='word_1_89' title='bbox 213 1874 393 1946; x_wconf 86' lang='lat' dir='ltr'>omnibus</span> <span class='ocrx_word' id='word_1_90' title='bbox 407 1876 567 1946; x_wconf 81' lang='lat' dir='ltr'>retentio</span> <span class='ocrx_word' id='word_1_91' title='bbox 592 1873 671 1946; x_wconf 83' lang='lat' dir='ltr'>lotii</span> <span class='ocrx_word' id='word_1_92' title='bbox 698 1895 777 1945; x_wconf 51' lang='lat' dir='ltr'>non¹</span> <span class='ocrx_word' id='word_1_93' title='bbox 795 1873 996 1971; x_wconf 73' lang='lat' dir='ltr'>precedat,</span> <span class='ocrx_word' id='word_1_94' title='bbox 1019 1887 1058 1944; x_wconf 82' lang='lat' dir='ltr'>et</span> 
     </span>
     <span class='ocr_line' id='line_1_14' title="bbox 60 1989 1058 2090; baseline 0.002 -30"><span class='ocrx_word' id='word_1_95' title='bbox 60 1992 163 2088; x_wconf 87' lang='lat' dir='ltr'>copia</span> <span class='ocrx_word' id='word_1_96' title='bbox 183 2015 294 2088; x_wconf 76' lang='lat' dir='ltr'>qtram</span> <span class='ocrx_word' id='word_1_97' title='bbox 308 1991 472 2064; x_wconf 88' lang='lat' dir='ltr'>reddunt</span> <span class='ocrx_word' id='word_1_98' title='bbox 484 1992 609 2090; x_wconf 86' lang='lat' dir='ltr'>plures</span> <span class='ocrx_word' id='word_1_99' title='bbox 620 2023 641 2080; x_wconf 92' lang='lat'>,·</span> <span class='ocrx_word' id='word_1_100' title='bbox 652 1991 763 2090; x_wconf 81' lang='lat' dir='ltr'>longe</span> <span class='ocrx_word' id='word_1_101' title='bbox 778 2005 928 2090; x_wconf 88' lang='lat' dir='ltr'>superet</span> <span class='ocrx_word' id='word_1_102' title='bbox 946 1989 1058 2089; x_wconf 74' lang='lat' dir='ltr'>quid·-</span> 
     </span>
     <span class='ocr_line' id='line_1_15' title="bbox 62 2109 1057 2208; baseline 0.002 -30"><span class='ocrx_word' id='word_1_103' title='bbox 62 2109 149 2204; x_wconf 89' lang='lat' dir='ltr'>qnid</span> <span class='ocrx_word' id='word_1_104' title='bbox 163 2109 333 2198; x_wconf 87' lang='lat' dir='ltr'>retineri,</span> <span class='ocrx_word' id='word_1_105' title='bbox 349 2125 386 2182; x_wconf 86' lang='lat' dir='ltr'>et</span> <span class='ocrx_word' id='word_1_106' title='bbox 403 2111 441 2180; x_wconf 93' lang='lat' dir='ltr'>in</span> <span class='ocrx_word' id='word_1_107' title='bbox 460 2109 642 2208; x_wconf 81' lang='lat' dir='ltr'>sanguine</span> <span class='ocrx_word' id='word_1_108' title='bbox 660 2109 785 2181; x_wconf 86' lang='lat' dir='ltr'>redire</span> <span class='ocrx_word' id='word_1_109' title='bbox 799 2111 983 2207; x_wconf 80' lang='lat' dir='ltr'>potuerit,</span> <span class='ocrx_word' id='word_1_110' title='bbox 1003 2109 1057 2182; x_wconf 87' lang='lat' dir='ltr'>sin</span> 
     </span>
     <span class='ocr_line' id='line_1_16' title="bbox 61 2224 1059 2324; baseline 0.004 -31"><span class='ocrx_word' id='word_1_111' title='bbox 61 2225 95 2294; x_wconf 90' lang='lat' dir='ltr'>in</span> <span class='ocrx_word' id='word_1_112' title='bbox 120 2227 323 2324; x_wconf 84' lang='lat' dir='ltr'>proposito.</span> <span class='ocrx_word' id='word_1_113' title='bbox 346 2251 366 2296; x_wconf 88' lang='lat' dir='ltr'>a</span> <span class='ocrx_word' id='word_1_114' title='bbox 392 2251 451 2298; x_wconf 91' lang='lat' dir='ltr'>me</span> <span class='ocrx_word' id='word_1_115' title='bbox 479 2229 560 2297; x_wconf 76' lang='lat' dir='ltr'>niro</span> <span class='ocrx_word' id='word_1_116' title='bbox 587 2226 740 2324; x_wconf 69' lang='lat' dir='ltr'>aliisque</span> <span class='ocrx_word' id='word_1_117' title='bbox 766 2224 950 2298; x_wconf 80' lang='lat' dir='ltr'>similibus</span> <span class='ocrx_word' id='word_1_118' title='bbox 976 2249 1059 2297; x_wconf 81' lang='lat' dir='ltr'>non</span> 
     </span>
     <span class='ocr_line' id='line_1_17' title="bbox 63 2341 1059 2444; baseline 0.004 -33"><span class='ocrx_word' id='word_1_119' title='bbox 63 2341 207 2416; x_wconf 82' lang='lat' dir='ltr'>difficile</span> <span class='ocrx_word' id='word_1_120' title='bbox 222 2347 379 2442; x_wconf 82' lang='lat' dir='ltr'>sequar,</span> <span class='ocrx_word' id='word_1_121' title='bbox 397 2359 528 2444; x_wconf 87' lang='lat' dir='ltr'>utpote</span> <span class='ocrx_word' id='word_1_122' title='bbox 554 2345 618 2442; x_wconf 89' lang='lat' dir='ltr'>qni</span> <span class='ocrx_word' id='word_1_123' title='bbox 635 2369 759 2442; x_wconf 86' lang='lat' dir='ltr'>neque</span> <span class='ocrx_word' id='word_1_124' title='bbox 774 2359 919 2416; x_wconf 86' lang='lat' dir='ltr'>tantum</span> <span class='ocrx_word' id='word_1_125' title='bbox 941 2344 1059 2415; x_wconf 75' lang='lat' dir='ltr'>uriom</span> 
     </span>
     <span class='ocr_line' id='line_1_18' title="bbox 64 2461 1070 2561; baseline 0.002 -31"><span class='ocrx_word' id='word_1_126' title='bbox 64 2475 273 2546; x_wconf 77' lang='lat' dir='ltr'>secernant,</span> <span class='ocrx_word' id='word_1_127' title='bbox 302 2461 418 2560; x_wconf 81' lang='lat' dir='ltr'>idque</span> <span class='ocrx_word' id='word_1_128' title='bbox 447 2477 643 2536; x_wconf 84' lang='lat' dir='ltr'>secernant</span> <span class='ocrx_word' id='word_1_129' title='bbox 671 2478 756 2560; x_wconf 86' lang='lat' dir='ltr'>post</span> <span class='ocrx_word' id='word_1_130' title='bbox 783 2463 1070 2561; x_wconf 84' lang='lat' dir='ltr'>retentionem,</span> 
     </span>
     <span class='ocr_line' id='line_1_19' title="bbox 63 2561 1086 2678; baseline 0.005 -32"><span class='ocrx_word' id='word_1_131' title='bbox 63 2578 97 2647; x_wconf 87' lang='lat' dir='ltr'>in</span> <span class='ocrx_word' id='word_1_132' title='bbox 112 2580 326 2678; x_wconf 88' lang='lat' dir='ltr'>eodemque</span> <span class='ocrx_word' id='word_1_133' title='bbox 340 2561 536 2678; x_wconf 72' lang='lat' dir='ltr'>preterea,</span> <span class='ocrx_word' id='word_1_134' title='bbox 556 2603 641 2650; x_wconf 91' lang='lat' dir='ltr'>cum</span> <span class='ocrx_word' id='word_1_135' title='bbox 654 2593 739 2651; x_wconf 87' lang='lat' dir='ltr'>ante</span> <span class='ocrx_word' id='word_1_136' title='bbox 752 2577 954 2650; x_wconf 88' lang='lat' dir='ltr'>ischnriam</span> <span class='ocrx_word' id='word_1_137' title='bbox 966 2581 1060 2651; x_wconf 79' lang='lat' dir='ltr'>mul-</span> <span class='ocrx_word' id='word_1_138' title='bbox 1084 2586 1086 2591; x_wconf 79' lang='grc'>’</span> 
     </span>
     <span class='ocr_line' id='line_1_20' title="bbox 64 2695 1057 2794; baseline 0.002 -30"><span class='ocrx_word' id='word_1_139' title='bbox 64 2708 134 2764; x_wconf 77' lang='lat' dir='ltr'>tem</span> <span class='ocrx_word' id='word_1_140' title='bbox 153 2709 285 2794; x_wconf 77' lang='lat' dir='ltr'>potare</span> <span class='ocrx_word' id='word_1_141' title='bbox 305 2697 545 2794; x_wconf 84' lang='lat' dir='ltr'>multumque</span> <span class='ocrx_word' id='word_1_142' title='bbox 561 2697 727 2794; x_wconf 76' lang='lat' dir='ltr'>mingere</span> <span class='ocrx_word' id='word_1_143' title='bbox 744 2695 893 2794; x_wconf 86' lang='lat' dir='ltr'>sem&#39;per</span> <span class='ocrx_word' id='word_1_144' title='bbox 903 2696 1057 2784; x_wconf 83' lang='lat' dir='ltr'>soleret,</span> 
     </span>
     <span class='ocr_line' id='line_1_21' title="bbox 65 2810 1059 2902; baseline -0.002 -18"><span class='ocrx_word' id='word_1_145' title='bbox 65 2813 114 2884; x_wconf 76' lang='lat' dir='ltr'>nt</span> <span class='ocrx_word' id='word_1_146' title='bbox 136 2829 247 2886; x_wconf 80' lang='lat' dir='ltr'>antea</span> <span class='ocrx_word' id='word_1_147' title='bbox 270 2837 380 2886; x_wconf 87' lang='lat' dir='ltr'>renes</span> <span class='ocrx_word' id='word_1_148' title='bbox 404 2814 561 2886; x_wconf 81' lang='lat' dir='ltr'>laxiores</span> <span class='ocrx_word' id='word_1_149' title='bbox 582 2810 694 2884; x_wconf 86' lang='lat' dir='ltr'>luisse</span> <span class='ocrx_word' id='word_1_150' title='bbox 724 2813 931 2884; x_wconf 81' lang='lat' dir='ltr'>videantur.</span> <span class='ocrx_word' id='word_1_151' title='bbox 956 2811 1059 2902; x_wconf 85' lang='lat' dir='ltr'>Quid</span> 
     </span>
     <span class='ocr_line' id='line_1_22' title="bbox 64 2930 1060 3027; baseline -0.002 -25"><span class='ocrx_word' id='word_1_152' title='bbox 64 2950 144 3002; x_wconf 78' lang='lat' dir='ltr'>tero</span> <span class='ocrx_word' id='word_1_153' title='bbox 158 2932 372 3003; x_wconf 83' lang='lat' dir='ltr'>accessisset</span> <span class='ocrx_word' id='word_1_154' title='bbox 382 2933 460 3002; x_wconf 85' lang='lat' dir='ltr'>vitii</span> <span class='ocrx_word' id='word_1_155' title='bbox 472 2931 520 3002; x_wconf 86' lang='lat' dir='ltr'>ab</span> <span class='ocrx_word' id='word_1_156' title='bbox 535 2930 713 3018; x_wconf 85' lang='lat' dir='ltr'>humore,</span> <span class='ocrx_word' id='word_1_157' title='bbox 728 2954 842 3027; x_wconf 88' lang='lat' dir='ltr'>qoem</span> <span class='ocrx_word' id='word_1_158' title='bbox 857 2931 1060 3015; x_wconf 75' lang='lat' dir='ltr'>novissime</span> 
     </span>
     <span class='ocr_line' id='line_1_23' title="bbox 65 3047 1057 3146; baseline 0 -29"><span class='ocrx_word' id='word_1_159' title='bbox 65 3067 141 3120; x_wconf 79' lang='lat' dir='ltr'>oum</span> <span class='ocrx_word' id='word_1_160' title='bbox 159 3071 293 3146; x_wconf 80' lang='lat' dir='ltr'>parum</span> <span class='ocrx_word' id='word_1_161' title='bbox 313 3047 482 3132; x_wconf 83' lang='lat' dir='ltr'>biberet,</span> <span class='ocrx_word' id='word_1_162' title='bbox 502 3063 605 3120; x_wconf 81' lang='lat' dir='ltr'>tanta</span> <span class='ocrx_word' id='word_1_163' title='bbox 617 3049 726 3146; x_wconf 82' lang='lat' dir='ltr'>copia</span> <span class='ocrx_word' id='word_1_164' title='bbox 744 3065 853 3120; x_wconf 85' lang='lat' dir='ltr'>renes</span> <span class='ocrx_word' id='word_1_165' title='bbox 869 3048 1057 3120; x_wconf 85' lang='lat' dir='ltr'>transmit-</span> 
     </span>
     <span class='ocr_line' id='line_1_24' title="bbox 64 3165 1058 3264; baseline 0.001 -30"><span class='ocrx_word' id='word_1_166' title='bbox 64 3165 202 3255; x_wconf 78' lang='lat' dir='ltr'>tebant,</span> <span class='ocrx_word' id='word_1_167' title='bbox 222 3167 358 3264; x_wconf 76' lang='lat' dir='ltr'>melios</span> <span class='ocrx_word' id='word_1_168' title='bbox 370 3167 558 3262; x_wconf 81' lang='lat' dir='ltr'>conjicere</span> <span class='ocrx_word' id='word_1_169' title='bbox 573 3165 727 3238; x_wconf 83' lang='lat' dir='ltr'>fortasse</span> <span class='ocrx_word' id='word_1_170' title='bbox 746 3181 916 3264; x_wconf 84' lang='lat' dir='ltr'>possem,</span> <span class='ocrx_word' id='word_1_171' title='bbox 933 3167 964 3236; x_wconf 88' lang='lat' dir='ltr'>si</span> <span class='ocrx_word' id='word_1_172' title='bbox 980 3167 1058 3236; x_wconf 73' lang='lat' dir='ltr'>uri-</span> 
     </span>
     <span class='ocr_line' id='line_1_25' title="bbox 65 3271 1060 3381; baseline 0.003 -30"><span class='ocrx_word' id='word_1_173' title='bbox 65 3307 123 3355; x_wconf 80' lang='lat' dir='ltr'>nns</span> <span class='ocrx_word' id='word_1_174' title='bbox 135 3271 563 3356; x_wconf 74' lang='lat' dir='ltr'>omnes-emininnsscm.</span> <span class='ocrx_word' id='word_1_175' title='bbox 584 3285 679 3354; x_wconf 79' lang='lat' dir='ltr'>Nem</span> <span class='ocrx_word' id='word_1_176' title='bbox 697 3282 801 3381; x_wconf 90' lang='lat' dir='ltr'>qnod</span> <span class='ocrx_word' id='word_1_177' title='bbox 821 3283 952 3379; x_wconf 87' lang='lat' dir='ltr'>primis</span> <span class='ocrx_word' id='word_1_178' title='bbox 970 3283 1060 3354; x_wconf 78' lang='lat' dir='ltr'>ulti·-</span> 
     </span>
     <span class='ocr_line' id='line_1_26' title="bbox 66 3379 1059 3500; baseline 0 -30"><span class='ocrx_word' id='word_1_179' title='bbox 66 3401 200 3500; x_wconf 84' lang='lat' dir='ltr'>misque</span> <span class='ocrx_word' id='word_1_180' title='bbox 221 3401 354 3474; x_wconf 83' lang='lat' dir='ltr'>diebus</span> <span class='ocrx_word' id='word_1_181' title='bbox 366 3401 529 3499; x_wconf 86' lang='lat' dir='ltr'>aliquem</span> <span class='ocrx_word' id='word_1_182' title='bbox 552 3400 596 3472; x_wconf 89' lang='lat' dir='ltr'>ad</span> <span class='ocrx_word' id='word_1_183' title='bbox 616 3379 863 3498; x_wconf 77' lang='lat' dir='ltr'>mingendum</span> <span class='ocrx_word' id='word_1_184' title='bbox 881 3397 1059 3471; x_wconf 81' lang='lat' dir='ltr'>efferrent</span> 
     </span>
     <span class='ocr_line' id='line_1_27' title="bbox 66 3516 1064 3616; baseline 0.001 -29"><span class='ocrx_word' id='word_1_185' title='bbox 66 3521 264 3607; x_wconf 87' lang='lat' dir='ltr'>stimulum,</span> <span class='ocrx_word' id='word_1_186' title='bbox 288 3519 519 3591; x_wconf 87' lang='lat' dir='ltr'>intermediis</span> <span class='ocrx_word' id='word_1_187' title='bbox 546 3519 715 3604; x_wconf 90' lang='lat' dir='ltr'>nullum,</span> <span class='ocrx_word' id='word_1_188' title='bbox 740 3516 881 3588; x_wconf 80' lang='lat' dir='ltr'>facilius</span> <span class='ocrx_word' id='word_1_189' title='bbox 904 3542 924 3587; x_wconf 92' lang='lat' dir='ltr'>a</span> <span class='ocrx_word' id='word_1_190' title='bbox 950 3519 1064 3616; x_wconf 32' lang='lat' dir='ltr'>copia,</span> 
     </span>
     <span class='ocr_line' id='line_1_28' title="bbox 66 3631 1058 3738; baseline 0 -34"><span class='ocrx_word' id='word_1_191' title='bbox 66 3659 134 3709; x_wconf 87' lang='lat' dir='ltr'>esse</span> <span class='ocrx_word' id='word_1_192' title='bbox 151 3639 275 3738; x_wconf 86' lang='lat' dir='ltr'>potnit</span> <span class='ocrx_word' id='word_1_193' title='bbox 293 3661 406 3734; x_wconf 87' lang='lat' dir='ltr'>quam</span> <span class='ocrx_word' id='word_1_194' title='bbox 420 3631 467 3707; x_wconf 82' lang='lat' dir='ltr'>ab</span> <span class='ocrx_word' id='word_1_195' title='bbox 485 3635 631 3706; x_wconf 87' lang='lat' dir='ltr'>illarum</span> <span class='ocrx_word' id='word_1_196' title='bbox 653 3650 810 3724; x_wconf 84' lang='lat' dir='ltr'>natura,</span> <span class='ocrx_word' id='word_1_197' title='bbox 830 3633 984 3731; x_wconf 90' lang='lat' dir='ltr'>quando</span> <span class='ocrx_word' id='word_1_198' title='bbox 999 3659 1058 3704; x_wconf 93' lang='lat' dir='ltr'>co-</span> 
     </span>
     <span class='ocr_line' id='line_1_29' title="bbox 66 3751 1059 3848; baseline -0.003 -25"><span class='ocrx_word' id='word_1_199' title='bbox 66 3753 117 3848; x_wconf 91' lang='lat' dir='ltr'>pia</span> <span class='ocrx_word' id='word_1_200' title='bbox 131 3754 389 3825; x_wconf 80' lang='lat' dir='ltr'>minori&#39;erant</span> <span class='ocrx_word' id='word_1_201' title='bbox 407 3751 639 3826; x_wconf 87' lang='lat' dir='ltr'>intermediis</span> <span class='ocrx_word' id='word_1_202' title='bbox 657 3752 817 3840; x_wconf 77' lang='lat' dir='ltr'>diebus,</span> <span class='ocrx_word' id='word_1_203' title='bbox 837 3752 970 3848; x_wconf 83' lang='lat' dir='ltr'>majori</span> <span class='ocrx_word' id='word_1_204' title='bbox 991 3776 1059 3824; x_wconf 82' lang='lat' dir='ltr'>au-</span> 
     </span>
     <span class='ocr_line' id='line_1_30' title="bbox 67 3867 1059 3970; baseline -0.001 -31"><span class='ocrx_word' id='word_1_205' title='bbox 67 3885 131 3940; x_wconf 83' lang='lat' dir='ltr'>tem</span> <span class='ocrx_word' id='word_1_206' title='bbox 160 3872 293 3970; x_wconf 89' lang='lat' dir='ltr'>primis</span> <span class='ocrx_word' id='word_1_207' title='bbox 320 3887 356 3942; x_wconf 89' lang='lat' dir='ltr'>ct</span> <span class='ocrx_word' id='word_1_208' title='bbox 383 3871 546 3942; x_wconf 88' lang='lat' dir='ltr'>ultimis:</span> <span class='ocrx_word' id='word_1_209' title='bbox 567 3871 638 3940; x_wconf 89' lang='lat' dir='ltr'>nisi</span> <span class='ocrx_word' id='word_1_210' title='bbox 659 3867 754 3952; x_wconf 80' lang='lat' dir='ltr'>forte</span> <span class='ocrx_word' id='word_1_211' title='bbox 779 3869 886 3940; x_wconf 87' lang='lat' dir='ltr'>malis</span> <span class='ocrx_word' id='word_1_212' title='bbox 908 3868 1059 3940; x_wconf 82' lang='lat' dir='ltr'>hebeta-</span> 
     </span>
    </p>
   </div>
   <div class='ocr_carea' id='block_1_3' title="bbox 67 3985 1058 4078">
    <p class='ocr_par' dir='ltr' id='par_1_3' title="bbox 67 3985 1058 4078">
     <span class='ocr_line' id='line_1_31' title="bbox 67 3985 1058 4078; baseline 0.001 -14"><span class='ocrx_word' id='word_1_213' title='bbox 67 4000 169 4066; x_wconf 79' lang='lat' dir='ltr'>tureo</span> <span class='ocrx_word' id='word_1_214' title='bbox 187 3987 324 4066; x_wconf 78' lang='lat' dir='ltr'>crebro</span> <span class='ocrx_word' id='word_1_215' title='bbox 347 3989 579 4071; x_wconf 71' lang='lat' dir='ltr'>distentione</span> <span class='ocrx_word' id='word_1_216' title='bbox 596 3985 709 4068; x_wconf 71' lang='lat' dir='ltr'>truse</span> <span class='ocrx_word' id='word_1_217' title='bbox 730 3987 860 4068; x_wconf 71' lang='lat' dir='ltr'>vesicae</span> <span class='ocrx_word' id='word_1_218' title='bbox 885 4011 1058 4078; x_wconf 72' lang='lat' dir='ltr'>ssorum,</span> 
     </span>
    </p>
   </div>
   <div class='ocr_carea' id='block_1_4' title="bbox 0 0 1392 4674">
    <p class='ocr_par' dir='ltr' id='par_1_4' title="bbox 0 0 1392 4674">
     <span class='ocr_line' id='line_1_32' title="bbox 0 0 1392 4674; baseline 0 0"><span class='ocrx_word' id='word_1_219' title='bbox 0 0 1392 4674; x_wconf 95' lang='lat' dir='ltr'> </span> 
     </span>
    </p>
   </div>
  </div>
 </body>
</html>
