2740 4670
170 406 234 478 mn
263 430 318 478 111.
348 431 394 478 ns
420 431 556 478 ironms
577 430 744 494 vsrtrsts,
772 430 882 478 smsr.
910 431 997 478 xrn.
1027 405 1100 497 343

47 519 53 530 ⁴
104 547 136 614 iu
155 559 284 616 nostro
302 563 402 641 aegro
421 568 466 616 err
480 541 765 642 praegressisdiu
778 528 791 630 ,ἲ
807 557 844 614 et
859 542 917 614 vel
935 559 1027 616 tuuc
1040 569 1100 618 co·

104 661 316 736 mirantibus
331 685 411 732 non
431 653 603 734 obscuris
623 660 698 734 laesi
717 660 869 736 alterius
887 662 1102 734 renisindi·

104 779 183 864 ciis,
200 792 243 850 ut
258 803 296 852 se
316 802 402 878 pars
420 777 521 876 chyli
538 777 779 878 adjungeret,
800 802 871 876 pus
895 793 1023 888 tamen
1042 781 1080 850 vi
1096 829 1102 837 ι

102 895 268 968 derinon
289 920 398 996 posse
418 894 577 968 excludi.
596 898 674 969 Nec
688 919 749 968 me
769 891 917 994 sugere,
938 917 1015 994 quo
1032 895 1101 969 foe.

102 1028 174 1102 tore
190 1011 373 1086 infectum
393 1036 466 1112 pus
485 1037 579 1112 suepe
598 1036 645 1086 ex
662 1013 756 1086 taesis
771 1012 928 1086 renibus
946 1013 1099 1086 descen·

101 1129 176 1200 dat:
192 1145 334 1206 exstare
354 1145 479 1202 tamen
494 1145 531 1205 et
543 1129 695 1202 inodori
707 1131 814 1230 puris
824 1131 998 1228 exempla
1015 1149 1098 1228 non

101 1245 206 1324 nodo
221 1246 393 1336 aliunde,
407 1261 450 1322 ut
464 1265 553 1328 eum
570 1245 768 1340 Celsus(1)
786 1248 952 1346 scripsit,
969 1247 1099 1320 melius

99 1389 168 1435 csse
184 1389 280 1462 pus,
299 1370 334 1445 si
342 1364 442 1438 utini
449 1365 543 1455 olet,
562 1389 694 1440 verum
713 1365 825 1438 etiam
840 1387 886 1438 ex
901 1365 992 1464 ipsis
1006 1366 1100 1442 reni·

100 1480 183 1570 bus,
201 1505 321 1582 eaque
339 1505 427 1554 mox
443 1481 784 1558 commemoranda.
801 1486 896 1556 Nam
916 1481 1022 1590 quod
1034 1484 1100 1556 vis·

101 1597 215 1672 cidum
239 1625 322 1672 non
341 1617 438 1674 esset
457 1597 730 1685 sedimentum,
751 1601 915 1674 inveniri
944 1599 1099 1698 quidem

100 1708 281 1796 interddm
302 1719 414 1790 etiam
437 1719 479 1790 in‘
499 1715 656 1794 renibus
681 1719 842 1792 maxime
867 1716 1036 1813 viscida(
1056 1731 1099 1790 ut

100 1834 133 1904 iu
147 1835 382 1934 Sepulchreti
407 1834 539 1908 eadem
563 1837 728 1912 sectione
745 1834 824 1932 (ἡ)
838 1849 1097 1908 verumtamen

100 1950 316 2026 haudomue
336 1978 406 2051 pus
423 1977 503 2026 esse
520 1954 731 2042 desidum,
756 1968 793 2024 et
805 1951 910 2052 quod
924 1977 1012 2026 cum
1025 1954 1101 2024 uri·

100 2069 151 2140 nis
164 2071 397 2167 glutinosum
413 2085 449 2143 et
469 2087 581 2144 tenue
597 2072 765 2168 ejicitur,
780 2070 819 2144 id
832 2095 921 2145 sane
931 2070 1101 2146 medicos

99 2189 428 2284 experientissimos
438 2188 492 2286 (3)
507 2189 581 2288 legi
596 2190 743 2276 vesicas,
762 2211 842 2260 non
858 2187 1017 2260 renibus
1027 2189 1095 2260 tri-

101 2301 273 2396 buentes,
302 2321 339 2380 et
366 2306 595 2396 valsatvam,
623 2300 913 2382 dissectionibus
942 2327 1096 2404 quoque

101 2420 291 2512 edoctum,
310 2424 431 2501 rarius
451 2425 690 2501 consuevisse
707 2423 758 2496 ab
780 2422 956 2509 renibus,
979 2445 1097 2522 qnam

100 2560 117 2607 a
136 2539 303 2635 partibus
323 2539 501 2636 subjectis
511 2555 692 2640 repetere.
707 2544 798 2632 Quae
813 2555 854 2612 ut
869 2539 998 2613 omnia
1007 2563 1099 2638 prae·

101 2659 410 2748 termittersntur,
430 2657 533 2732 baud
559 2673 686 2732 tamen
709 2657 882 2730 oblivisci
905 2681 966 2730 me
986 2679 1099 2755 posse

102 2788 159 2844 aut
177 2777 247 2846 viri
264 2775 366 2848 illius
376 2791 443 2856 ,sut
462 2775 649 2874 praesulis,
664 2798 831 2873 quorum
850 2772 1024 2846 historias
1039 2797 1097 2844 re·

102 2886 290 2987 liquisseut
306 2891 418 2969 nobis
442 2892 666 2966 Benedictus
689 2892 886 2968 Silvaticus
898 2891 953 2988 (d)
967 2905 1004 2962 et
1022 2893 1097 2966 [ωε

104 3005 167 3080 lius
181 3007 486 3109 uFonte(5)tam
506 3025 641 3084 nostrae
663 3009 801 3084 similes
828 3032 942 3107 quam
958 3017 1100 3106 'aquam

103 3130 226 3227 aqum(
242 3143 288 3202 ut
300 3144 505 3228 ¹propterea
520 3130 582 3200 vix
597 3127 791 3242 crederem
802 3179 822 3234 ,Ι
834 3128 874 3196 in
891 3140 967 3196 tam
984 3124 1104 3221 agita·
1157 3219 1161 3229 1

141 3479 184 3560 (t)
201 3486 368 3546 -Iicmedicr
384 3489 405 3544 l.
419 3485 451 3558 5,
469 3502 494 3544 r„
508 3485 560 3562 26,
576 3505 607 3544 n.
624 3505 672 3544 so.

143 3580 184 3660 (u.)
204 3587 324 3664 Obs.9‚
341 3591 356 3658 S
371 3608 401 3660 ι,
418 3598 447 3646 ct
459 3589 523 3644 obs.
537 3605 589 3660 rs,
606 3591 621 3658 s
637 3606 662 3644 r.

145 3669 184 3760 (i)
204 3685 273 3742 Vid.
288 3677 361 3744 ibid.
376 3689 468 3744 schol.
486 3687 524 3743 ad
537 3685 602 3744 obs.
619 3687 654 3742 ro
670 3697 699 3741 et
717 3684 763 3742 15.

145 3780 186 3859 (i)
205 3783 272 3843 vid.
297 3785 370 3845 ibid.
393 3788 443 3846 rit.
469 3785 533 3844 obs.
556 3805 611 3859 10,
631 3805 697 3843 cum
713 3781 805 3843 schol.
834 3793 863 3841 ct
880 3781 946 3840 ebs.
965 3789 1021 3854 ri,
1039 3799 1108 3837 cum

109 3873 196 3938 schol.

149 3979 189 4060 (s)
207 3985 283 4042 nu.
