2746 4674
263 411 331 482 108
429 435 475 482 nr
502 431 648 482 ssnmns
672 433 717 479 nr
743 431 866 479 crusis
892 431 1101 482 noseorum

258 550 326 620 tim
346 549 560 632 sinistrum,
579 545 787 643 ambosque
807 559 993 636 ureteres,
1011 549 1161 644 quippe
1181 549 1287 620 inter

261 667 511 764 posteriorem
529 665 669 734 ventris
684 664 864 760 parietem
878 678 916 734 et
929 665 1071 736 viscera
1089 666 1160 735 itta
1179 669 1285 764 posi-

261 797 340 867 tos,
367 781 457 878 plus
470 782 572 876 justo
589 783 852 878 comprimant.
872 783 961 870 Quoe
980 805 1090 855 causa
1116 807 1217 852 eum
1239 783 1286 853 ad

263 915 413 972 caetcras
428 899 508 970 illas
534 899 749 970 accessisset
771 901 811 968 in
841 923 1028 997 generoso
1053 902 1139 971 viro
1163 925 1285 998 quem
1359 973 1360 976 ,

263 1016 442 1092 describit
471 1015 815 1113 Schroeckius(1),
845 1031 951 1088 tanto
976 1019 1103 1090 minus
1136 1019 1285 1088 mirum

264 1148 337 1221 est,
351 1134 391 1202 in
407 1147 556 1204 uretere
569 1133 687 1204 altero
703 1157 783 1203 non
799 1135 977 1232 exiguum
995 1136 1195 1206 calculum
1209 1189 1221 1223 ,
1246 1136 1285 1203 in

196 1299 200 1304 ,
263 1275 357 1324 rene
376 1265 498 1324 autem
516 1254 693 1350 opposito
708 1277 887 1350 magnum
914 1269 1010 1324 cum¹
1030 1269 1087 1324 tot
1106 1254 1196 1324 aliis
1217 1253 1285 1323 mi-

163 1387 164 1390 ’
264 1369 423 1442 noribus
442 1367 554 1442 fuisse
585 1369 853 1468 deprehensos.
882 1374 1122 1470 Compressio
1154 1387 1284 1442 autem

266 1513 288 1558 a
319 1489 427 1585 copia
459 1489 535 1560 sive
569 1485 814 1585 pinguedinis
839 1489 915 1559 sive
943 1491 1210 1584 ingestorum,
1241 1511 1285 1558 eo
1359 1485 1360 1520 i

266 1607 384 1703 magis
399 1607 438 1676 in
458 1605 698 1677 obesioribus
720 1608 831 1676 noxia
845 1621 920 1694 est,
943 1605 1048 1702 quod
1067 1607 1202 1704 supini
1229 1603 1284 1675 -fa-
1305 1660 1309 1668 ,
1359 1639 1360 1704 i

266 1724 336 1794 cile
356 1723 518 1796 cubant:
542 1725 610 1820 qui
622 1724 794 1820 corporis
806 1724 897 1794 situs
912 1739 990 1794 tum
1010 1748 1122 1794 renes
1142 1739 1183 1796 et
1201 1747 1285 1794 ure·
1359 1823 1360 1826 Ἴ

265 1856 364 1914 teres
376 1843 497 1938 magis
509 1839 671 1938 ponderi
681 1842 858 1936 imposito
876 1841 1048 1936 subjicit,
1066 1857 1153 1916 tum
1168 1865 1285 1939 quun·
1359 1867 1360 1894 ὲ

266 1975 307 2032 to
329 1957 565 2057 frequentior
591 1956 871 2036 etdiuturnior
899 1974 985 2047 est,
1017 1974 1124 2030 tanto
1165 1955 1283 2056 magis

268 2077 467 2150 descensui
481 2077 598 2146 urinae
617 2071 744 2146 officit.
762 2075 886 2146 Sedet
903 2076 1108 2172 quamdam
1125 2077 1176 2148 cl,
1194 2081 1282 2146 Fan·

268 2195 351 2270 toni
367 2195 422 2290 (2)
447 2191 748 2265 observationem
765 2193 895 2289 legens
908 2195 948 2262 in
965 2197 1067 2281 viro,
1089 2193 1278 2292 nephriti-

1358 2063 1360 2132 i

271 2315 324 2383 cis
344 2308 541 2382 doloribus
556 2334 576 2380 a
594 2311 752 2382 sinistris
766 2311 972 2407 praesertim
992 2309 1281 2399 obnoxio,rene
1359 2315 1360 2376 3

269 2444 395 2500 autem
414 2428 586 2510 sinistre,
603 2428 668 2524 qui
689 2427 807 2524 duplo
826 2429 985 2500 crassior
1002 2421 1100 2517 eret,
1114 2443 1153 2500 et
1166 2426 1281 2525 'gemi-

246 2553 364 2634 ⁸num
380 2543 530 2631 fovebat
556 2546 768 2624 calculum.
799 2545 951 2617 obtecto
985 2562 1162 2616 concreta
1189 2567 1279 2642 qua-

271 2661 363 2734 dam
386 2667 546 2732 materia
575 2660 682 2732 lardo
685 2663 910 2848 lpus-simili,
938 2663 998 2734 Izio
1032 2677 1280 2735 transversum
1359 2689 1360 2736 t

273 2778 686 2874 minoremdigitumfl
685 2777 732 2850 rc
734 2778 915 2878 pollicem
927 2779 1137 2878 etamplius
1147 2799 1280 2858 crassa,

273 2923 404 2968 renem
426 2911 550 2968 autem
570 2895 729 2968 alterurn
743 2919 821 2970 non
837 2912 1006 2995 tegente·
1025 2894 1131 2968 facile
1143 2897 1191 2967 de
1203 2895 1280 2992 pin·

274 3015 338 3111 gui
369 3013 524 3084 materia
543 3012 596 3082 ibi
615 3037 787 3109 quoque
787 3015 900 3086 noxia
920 3013 1111 3111 cogitabis.
1137 3019 1181 3084 In
1198 3029 1281 3081 nos

226 3165 229 3172 >
273 3145 334 3202 tro
354 3132 469 3227 igitur
487 3130 534 3200 ad
545 3155 657 3226 quem
678 3129 793 3202 redeo
814 3132 895 3202 viro
924 3132 1073 3228 genitus
1091 3129 1277 3210 calculus,

275 3250 350 3320 sive
369 3250 470 3318 renis
492 3247 645 3321 alterius
671 3263 859 3320 ureterem
876 3273 1089 3338 summurn,
1111 3251 1187 3320 sive
1203 3267 1279 3315 ure·

273 3367 366 3452 thrae
394 3369 543 3438 initium
569 3366 799 3457 claudendo,
819 3384 857 3440 et
875 3369 1093 3440 lumborum
1110 3368 1276 3439 dolorem

276 3483 332 3556 aff
276 3511 412 3556 aerre
444 3485 568 3582 potuit
596 3500 633 3556 et
652 3485 734 3558 lotii
756 3488 1072 3586 suppressionem
1097 3489 1191 3556 Nam
1217 3475 1277 3550 etsi

274 3627 353 3676 non
382 3626 549 3700 semper,
578 3601 678 3672 haud
708 3607 895 3678 rarissime
926 3620 1051 3675 tamen
1079 3597 1360 3696 contingit,

261 3771 1272 3807 ·..----—-------,-.................,......--··-·

313 3882 356 3963 (ι)
378 3889 444 3941 Act.
464 3887 501 3941 N.
515 3887 547 3942 C.
565 3897 636 3942 tom.
655 3905 686 3956 1,
705 3887 768 3943 obs.
785 3896 853 3958 247.

313 3984 356 4061 (n)
377 3987 422 4042 De
435 3983 498 4043 obs
512 3985 591 4046 med
607 3996 636 4042 et
647 3997 726 4042 anat
741 3987 881 4066 Epist.8,
897 4007 926 4043 n.
945 3997 990 4059 ¹4·
