2810 4668
158 473 226 520 nm.
255 471 309 518 111.
338 470 384 516 nr
409 463 868 530 uonrrsvnurms,rr1sr.
895 469 991 514 xcvi.
1020 444 1085 535 541

91 585 185 660 dum
198 583 327 670 fuisse3
340 595 382 651 ut
396 605 456 652 res
470 595 638 676 utraque·
646 581 874 676 permoverit
887 579 933 650 ad
946 605 1093 652 accura-

91 721 174 776 tum
193 699 357 770 virilium
379 698 550 768 omnium
572 720 728 768 examen
744 696 1033 792 suscipiendum.
1049 701 1093 770 In

92 819 233 918 quibus
248 840 335 887 cum
350 815 430 886 vitii
445 812 541 884 nihil
553 815 786 910 apparuerit,
804 813 944 886 indicat
963 815 1093 888 obser·

89 939 193 1027 vatio
222 934 317 1020 hmc,
340 931 388 1002 ab
413 928 663 1002 invisibilibus
685 931 849 1026 partium
871 955 1017 1030 sperma
1039 955 1095 1005 se·

91 1054 349 1138 cernentium,
379 1064 443 1120 aut
468 1045 731 1144 perficientum
749 1049 972 1132 structuris,
997 1049 1092 1120 illud

93 1167 283 1269 quidquid
295 1181 367 1255 est,
380 1167 536 1238 existere
550 1163 654 1260 quod
671 1179 706 1234 et
719 1187 847 1234 semen
859 1162 1095 1253 foecundum,

93 1304 132 1360 et
159 1287 322 1385 pilosum
346 1307 484 1381 corpus
507 1279 605 1354 facit.
629 1286 737 1353 Certe
752 1297 876 1354 autem
893 1299 1098 1381 utrumque
1165 1294 1166 1298 ’

92 1407 235 1480 horum
246 1403 367 1474 'simul
385 1401 555 1498 videmus
568 1417 737 1497 tempore
751 1398 977 1496 pubertatis,
993 1400 1031 1472 id
1045 1417 1113 1472 est*

95 1549 184 1598 cum
200 1533 395 1594 structurae
413 1518 483 1589 illae
496 1519 635 1588 intimae
644 1518 734 1589 satis
750 1518 826 1613 jam
844 1518 1021 1614 explicari
1034 1543 1101 1588 coe

94 1653 254 1740 perunt,
275 1637 505 1734 contingere.
526 1635 627 1724 Quin
647 1636 758 1706 etiam
774 1633 891 1704 levius
904 1633 1044 1730 aliquid
1060 1637 1099 1706 in

95 1771 185 1832 cute
202 1777 482 1850 nonnunquam
501 1749 591 1822 mihi
613 1750 815 1822 sterilitatis
829 1749 1030 1821 mulierum
1043 1753 1102 1854 iu·

95 1875 197 1947 dicio
222 1871 308 1960 tuit,
332 1895 418 1942 cum
443 1869 482 1940 id
500 1868 547 1940 ab
565 1884 669 1956 ortu,
688 1883 725 1940 et
744 1883 971 1965 perpetuum
991 1865 1098 1940 foret.

93 1991 184 2063 Vidi
211 1990 312 2060 enim
341 1987 450 2070 duas,
477 1989 516 2056 in
549 1985 688 2082 quibus
717 1985 811 2056 nihil
841 2009 994 2084 prorsus
1023 1999 1102 2056 erat

96 2107 202 2208 quod
219 2104 500 2202 foecunditatem
520 2127 598 2174 non
618 2105 869 2200 promitteret,
891 2127 976 2173 cum
995 2128 1099 2201 egre,-

96 2222 395 2325 gievalentibus
419 2209 510 2292 viris
532 2220 655 2292 sterile
674 2221 891 2317 conjugium
914 2220 1098 2292 habuisse.

96 2349 194 2416 Cum
224 2337 401 2412 attentius
431 2339 558 2440 omnia
585 2335 880 2424 considerarem,
909 2353 1032 2410 cutem
1061 2341 1100 2410 in

96 2462 390 2547 altera,·contra
422 2480 463 2528 ac
493 2457 575 2526 vitae
602 2481 738 2550 genus,
765 2471 850 2526 aetas
875 2455 1099 2556 habitusque

97 2580 269 2675 corporis
289 2573 523 2660 indicabant,
547 2573 719 2655 minime,
746 2573 776 2642 si
794 2587 986 2670 tangerem
1006 2577 1101 2646 mol-
1149 2645 1150 2652 χ

96 2701 173 2770 lem
193 2697 397 2789 laevemquc
417 2676 579 2778 oflendi3
602 2689 641 2758 in
660 2689 791 2790 altera,
809 2691 971 2760 cuticula
990 2717 1101 2788 oper„

97 2830 175 2886 tam
192 2810 453 2897 animadverti,
472 2833 554 2905 quae
566 2807 626 2876 vel
638 2807 677 2876 in
691 2803 784 2876 facie
793 2807 933 2902 jugiter
945 2811 982 2876 in
999 2811 1102 2904 squal
1120 2895 1122 2901 A

96 2931 241 3015 mulas,
269 2944 305 2998 et
331 2925 492 3000 furfures
524 2923 660 2996 abibat.
689 2925 784 2994 Huic
813 2921 991 3008 similem,
1017 2913 1101 2995 cum

97 3051 241 3120 litteras
253 3046 320 3116 has
330 3044 601 3128 describerem,
614 3042 752 3140 pariter
769 3027 1103 3112 infoecumlam'ter·

97 3169 193 3239 tiam·
218 3163 378 3234 vidtur
406 3161 500 3232 mihi
528 3158 681 3256 quidem
705 3157 783 3228 baec
800 3157 974 3228 videntur
994 3184 1103 3256 posse

98 3284 223 3380 repeti
244 3305 265 3350 a
289 3277 453 3352 sebaceis
474 3279 569 3348 cutis
594 3273 779 3372 glandulis
805 3291 869 3346 aut
885 3301 992 3371 aequo
1013 3302 1103 3374 pau·

99 3401 263 3482 ciomm,
284 3410 443 3466 autnon
466 3394 545 3486 ejus
571 3394 675 3487 cujus
701 3415 768 3488 par
794 3389 938 3478 fuisset,
964 3409 1103 3464 naturae

100 3516 295 3587 materiam
308 3507 600 3590 secernentibus.
612 3508 683 3584 Sed
694 3509 885 3604 quomodo
897 3535 938 3580 ea
948 3525 1103 3597 retenta,

100 3648 169 3705 aut
193 3633 316 3702 miuus
340 3653 406 3700 suo
426 3623 551 3696 oflicio
572 3640 658 3722 apta
681 3626 834 3696 materia
858 3627 959 3700 intus
981 3628 1104 3702 obstet

101 3745 359 3844 conceptioni,
377 3745 575 3812 incertum.
789 3731 794 3742 ’

4 3845 6 3850 ,
151 3871 171 3936 J
174 3891 233 3936 am
250 3886 339 3932 vero
353 3861 398 3930 ad
413 3861 498 3929 vitia
516 3861 554 3929 in
577 3860 665 3956 ipsis
687 3861 937 3955 generationis
959 3865 1107 3963 organis

102 3979 289 4055 evidentia
306 3978 507 4052 veniamus.
