2740 4670
116 432 180 482 na.
206 431 262 482 111.
290 432 336 482 oa
363 431 498 483 notans
518 431 689 498 vaurms,
714 432 826 482 ensa.
853 430 956 480 xnn.
986 404 1054 504 377

68 555 178 619 terum
198 548 245 620 ab
266 549 384 620 altero
411 548 650 636 obscuratur,
671 563 712 618 ut
734 573 820 619 cum
840 547 959 617 multa
984 545 1058 616 cir-

70 667 240 760 cumjecta
257 691 353 763 aqua
372 665 548 765 prohibet
574 665 760 737 inclusum
784 680 978 736 omentum
995 675 1060 732 aut

69 781 294 871 intestinum,
311 797 373 854 aut
397 783 509 854 ambo
528 783 651 882 digitis
670 781 852 854 tentando
870 783 1060 852 internos·

71 923 165 986 ccre3
181 900 351 972 accidere
367 915 545 998 praeterea
564 923 840 997 nonnunquam
854 911 996 996 potest,
1018 910 1062 976 ut

69 1015 122 1086 vel
145 1017 303 1114 simplex
328 1039 446 1114 genus
475 1016 629 1113 aliquod
652 1016 849 1115 multiplex
872 1040 971 1098 esse,
998 1025 1063 1084 aut

70 1157 139 1202 non
166 1135 276 1230 quale
305 1148 374 1218 est,
397 1155 475 1213 ease
500 1134 763 1205 existimemus.
792 1133 884 1224 Quis
903 1131 1061 1202 enimin

71 1249 125 1320 illa
149 1251 308 1348 exempli
333 1274 461 1337 causa,
484 1249 621 1321 Vesalii
647 1243 1063 1344 observatione,'quam

72 1367 104 1434 in
129 1368 376 1464 Sepulchreto
409 1367 637 1464 quoque(1)
664 1366 781 1438 habes
812 1365 1063 1461 descriptam

73 1509 149 1554 cum
170 1500 337 1556 scrotum
360 1484 529 1583 amplum
542 1483 635 1556 adeo
649 1499 685 1554 et
703 1509 813 1582 grave
834 1481 1065 1552 animadver-

72 1601 183 1689 tisset,
199 1603 303 1698 quis,
318 1603 498 1698 inquam,
520 1627 565 1671 ex
580 1601 657 1673 sola
667 1601 788 1697 illapsi
805 1599 947 1670 omenti
957 1610 1062 1695 parte

74 1739 143 1788 esse
170 1733 356 1814 putasset,
379 1743 425 1790 eo
451 1743 571 1814 usque
592 1733 718 1805 aucta,
738 1731 780 1788 ut
808 1705 1065 1813 quatuoraut

73 1840 225 1931 quinque
239 1835 420 1906 librarum
431 1833 586 1934 pondus
598 1833 816 1933 penderet?
834 1837 907 1918 Ant
924 1845 1063 1928 quotus

75 1953 243 2049 quisque,
266 1968 308 2024 ut
329 1952 376 2023 ad
393 1953 588 2023 recentius
617 1951 830 2048 exemplum
853 1949 1064 2032 veniam,
1167 2037 1169 2040 Ι

76 2065 171 2140 lacile
200 2070 464 2166 deceptionem
487 2071 665 2165 vitasset(
684 2071 724 2138 in
753 2093 866 2166 quam
899 2065 1064 2136 Gunzius

75 2187 206 2282 ipsam)
218 2188 397 2258 laudabili
417 2187 649 2284 ingenuitate
668 2211 705 2258 se
726 2187 900 2256 incidisse
913 2180 1064 2276 fatetur)

75 2319 112 2374 ut
125 2330 208 2376 curn
227 2307 482 2402 angustiorem
498 2305 545 2375 ad
563 2307 724 2403 inguen,
742 2307 780 2374 in
796 2317 920 2376 scroto
939 2316 1065 2376 antem

76 2445 244 2519 magnum
266 2422 510 2518 amplumque
528 2445 614 2492 cum
630 2420 859 2492 rotunditate
875 2435 1066 2492 tumorem

76 2538 228 2620 videret3
249 2564 328 2609 non
349 2537 402 2608 ibi
418 2539 584 2609 intestini
602 2539 832 2635 quidquam,
852 2537 916 2610 sed
933 2561 1065 2606 omen-

78 2668 149 2724 tum
163 2657 308 2744 solum,
329 2655 433 2753 quod
451 2656 646 2726 inventum
672 2670 727 2726 est
746 2655 902 2731 crassius
927 2651 1066 2724 factum

80 2786 112 2841 et
124 2771 277 2844 inferius
287 2774 507 2871 replicatum
521 2824 531 2858 ‚
550 2770 982 2860 concludiexistimaret?
995 2773 1068 2838 Aut

52 2971 53 2974 Ἴ
80 2891 157 2982 quis
174 2889 337 2986 denique
366 2893 425 2962 cui
451 2892 524 2962 sint
548 2891 746 2988 incognita
766 2888 1069 2972 observationeS,

81 3030 151 3076 non
164 3032 257 3105 saepe
278 3007 414 3094 obviae,
434 3008 687 3104 praestantium
707 3008 872 3076 virorum
887 3025 983 3100 quos
1001 3000 1070 3071 tibi

81 3124 227 3219 epistola
242 3129 396 3194 XXXIV
417 3125 738 3222 (amandavimus,
758 3148 841 3194 cum
866 3121 1005 3207 videat,
1022 3117 1070 3188 ad

81 3240 251 3338 pleraque
279 3242 348 3312 alla
375 3245 574 3340 intercepti
602 3242 769 3312 intestini
802 3252 1069 3336 symptomata,

82 3356 168 3428 illud
183 3385 260 3430 non
274 3359 451 3430 accedere
472 3374 512 3430 ut
530 3361 589 3428 via
612 3360 877 3430 intestinorum
892 3341 1072 3432 interclu-

82 3471 203 3563 datur,
232 3474 417 3548 affirmare
438 3477 573 3548 audeat
599 3476 761 3572 aliquam
792 3475 928 3546 horum
954 3476 1070 3546 inter-

119 3769 159 3852 (ι)
181 3779 256 3834 Sect.
271 3773 326 3834 hnc
339 3797 390 3853 29,
410 3778 474 3833 obs.
491 3775 537 3846 15,
556 3781 570 3846 5
585 3778 613 3834 3.

118 3876 159 3948 ta)
179 3880 293 3932 Prolus.
307 3875 624 3951 deentero-epiplocel.

118 3969 159 4050 (l)
179 3978 214 4032 N.
240 3977 274 4032 16
292 3989 386 4062 εἴη.
