2814 4674
145 469 206 514 tlt.
228 468 284 514 111.
313 469 360 514 ΒΕ
385 465 521 513 MORBIS
538 461 709 528 VENTRIS,
735 462 846 509 nrtsr.
868 464 988 510 XXXIX.
1067 467 1096 537 9,
1156 508 1158 516 γ
1220 489 1223 497 .

102 579 305 680 gnitudine,
321 579 475 678 plurimi
488 579 586 648 inter
600 575 670 648 hos
683 574 797 646 medii
810 567 931 648 essent
944 631 953 661 ,
972 574 1092 648 conti-⁸

100 697 231 770 nebant
257 721 390 768 omnes
421 709 484 766 aut
513 694 693 792 liquidam
716 710 752 796 et
776 719 999 781 mucosum,
1027 712 1090 766 aut

101 838 285 912 gypseam,
300 812 562 912 lapideumque
581 812 1024 884 materiam.uenivenius
1040 829 1089 884 ta·

101 957 177 1003 meu
192 954 280 1002 crim
303 946 431 1002 caetera
451 930 561 1028 pueri
579 929 675 1000 mala
692 945 977 1015 commemoret,
1007 930 1090 1000 nul-

101 1048 164 1118 lam
182 1049 303 1144 injicit
324 1048 554 1120 mentionem
576 1046 937 1149 dolorisslngrassiae
965 1063 1090 1118 antem

101 1167 324 1264 quicumque
343 1167 492 1264 nigrum
517 1165 623 1236 illum
653 1181 925 1264 cognoverant,
953 1191 1090 1264 magno

101 1308 278 1356 consensu
304 1284 465 1356 retulere
488 1290 736 1372 sanissimum,
765 1283 870 1383 quod
890 1309 977 1356 sane
1004 1311 1092 1384 per-

100 1403 226 1474 mirum
247 1419 323 1490 est,
350 1401 469 1476 donec
492 1403 793 1502 suspenderetur,
819 1409 991 1475 extitisse.
1012 1407 1089 1477 Nec

31 1588 37 1592 .
100 1545 177 1590 vero
193 1521 406 1592 Fernelium
421 1521 492 1618 (1),
505 1545 590 1594 cum
605 1526 779 1594 universe
792 1521 939 1608 docuit,
952 1549 1092 1596 mesen·
1149 1527 1153 1580 ἶ

99 1638 172 1708 terii
186 1622 377 1712 tu'morem
393 1639 497 1710 nullo
514 1640 647 1724 dolore
661 1641 847 1736 affligere,
864 1642 943 1712 sine
962 1639 1092 1712 obser-

99 1757 307 1830 vationibus
334 1757 468 1830 dixisse
490 1758 529 1830 id
547 1757 676 1845 cred0,
695 1783 910 1855 quanquam
924 1757 1022 1828 hanc
1034 1761 1092 1830 sui

101 1872 179 1946 dicti
194 1899 347 1948 causam
372 1877 553 1948 continuo
571 1876 747 1972 subjecit,
768 1876 874 1973 quod
890 1901 988 1974 pars
1010 1882 1092 1974 ipsa

101 1989 230 2064 doloris
246 1999 298 2064 sit
314 2018 456 2092 eupers.
474 1992 517 2065 Id
529 1993 588 2064 vel
600 1995 717 2091 magis
730 1993 776 2064 de
791 1993 1008 2090 Arantioin)
1019 2019 1093 2065 cre·

96 2106 159 2196 do,
177 2112 323 2208 quippe
347 2113 414 2209 qui
436 2127 603 2183 tumores
631 2109 683 2182 ibi
708 2091 923 2188 oliservasse
944 2099 1093 2182 videtur

102 2233 192 2300 nucis
202 2234 336 2329 piueoe
352 2283 362 2316 ,
378 2246 426 2300 -et
442 2236 575 2329 capitis
590 2237 703 2330 pueri
720 2230 1013 2327 magnitudinem
1035 2237 1102 2300 itt-²

103 2344 479 2445 terdumsuperuntes,·
499 2364 535 2420 et
544 2363 644 2420 certe
659 2351 762 2446 signa
777 2349 826 2420 ita
839 2351 1032 2447 proponit,
1051 2365 1094 2438 ut

102 2475 318 2536 structuram
338 2465 495 2538 similem
522 2468 602 2563 ejus
628 2466 710 2565 quae
730 2491 751 2536 a
771 2467 939 2538 Valsalva
959 2468 1027 2565 (3)
1051 2468 1091 2536 in

100 2581 303 2654 Marchesio
320 2581 506 2682 descripta
521 2599 587 2672 est,
602 2600 687 2656 ante
704 2584 1014 2656 oculoshabuisse
1028 2611 1094 2683 ap-

101 2714 230 2790 pareat.
246 2705 312 2772 Est
332 2701 432 2772 enim
459 2717 603 2788 tumor,
621 2703 763 2799 inquit,
777 2705 968 2774 tuberosus
983 2717 1095 2798 atque

102 2817 306 2914 inaequalis,
341 2842 384 2890 eo
419 2819 525 2916 quod
542 2819 661 2917 plura
687 2819 915 2917 glandulosa
934 2843 1094 2916 corpora

104 2954 280 3023 connexa,
292 2949 328 3008 et
341 2938 694 3032 mirficeauctasibi
703 2944 854 3008 inuicem
868 2937 1066 3008 coizoereun
1071 2953 1095 3024 t,

18 3115 19 3124 ,
104 3050 366 3150 inaequalesque
397 3069 557 3128 tumores
587 3056 726 3126 tuberis
750 3071 860 3126 terrae
880 3059 917 3124 in
942 3054 1095 3124 modum

105 3169 304 3256 efformem.
323 3180 494 3244 Attamen
509 3172 583 3244 hoc
594 3174 757 3270 primum
768 3175 937 3244 omnium
949 3174 1096 3270 signum

105 3285 258 3372 tradidit,
272 3302 451 3360 tumorem
461 3315 536 3362 esse
546 3289 779 3361 indolentem.
791 3294 957 3361 Fortasse
967 3288 1028 3360 hic
1039 3289 1096 3359 ‹ti-

81 3391 84 3410 '
106 3423 172 3490 ces,
195 3429 216 3474 a
233 3407 438 3478 Benivenio
456 3423 572 3505 atque
589 3411 772 3505 Ingressis
790 3409 904 3480 duros
930 3406 1096 3508 frigidos·

106 3541 187 3611 que,
200 3537 242 3594 ut
252 3523 455 3614 vocabant,
473 3542 641 3598 tumores
656 3524 770 3630 fuissq
779 3527 1012 3614 observatos,
1024 3551 1102 3598 nec*

106 3695 1098 3724 Nau-...Um

153 3822 531 3900 1)C.supraadu.icit.

151 3922 180 3998 a)
199 3927 232 3980 L.
248 3927 285 3982 dc
300 3938 408 3984 tumor.
424 3949 496 4004 p.n.
513 3952 537 3988 c.
554 3942 602 4000 44.

170 4024 405 4102 )Suprn,n.u.
474 4063 509 4092 ;,
568 4077 603 4096 ,,
