<?xml version="1.0" encoding="UTF-8"?>
<!DOCTYPE html PUBLIC "-//W3C//DTD XHTML 1.0 Transitional//EN"
    "http://www.w3.org/TR/xhtml1/DTD/xhtml1-transitional.dtd">
<html xmlns="http://www.w3.org/1999/xhtml" xml:lang="en" lang="en">
 <head>
  <title>
</title>
<meta http-equiv="Content-Type" content="text/html;charset=utf-8" />
  <meta name='ocr-system' content='tesseract 3.04.00' />
  <meta name='ocr-capabilities' content='ocr_page ocr_carea ocr_par ocr_line ocrx_word'/>
</head>
<body>
  <div class='ocr_page' id='page_1' title='image "./desedibusetcaus05adelgoog_0073.png"; bbox 0 0 2814 4674; ppageno 0'>
   <div class='ocr_carea' id='block_1_1' title="bbox 299 367 1183 454">
    <p class='ocr_par' dir='ltr' id='par_1_1' title="bbox 299 367 1183 454">
     <span class='ocr_line' id='line_1_1' title="bbox 299 367 1183 454; baseline 0 -14"><span class='ocrx_word' id='word_1_1' title='bbox 299 367 348 454; x_wconf 73' lang='lat'><strong>64</strong></span> <span class='ocrx_word' id='word_1_2' title='bbox 466 391 512 437; x_wconf 76' lang='lat' dir='ltr'><strong>nn</strong></span> <span class='ocrx_word' id='word_1_3' title='bbox 539 389 685 437; x_wconf 78' lang='lat' dir='ltr'><strong>snoruus</strong></span> <span class='ocrx_word' id='word_1_4' title='bbox 710 389 754 437; x_wconf 79' lang='lat' dir='ltr'><strong>rr</strong></span> <span class='ocrx_word' id='word_1_5' title='bbox 780 387 904 439; x_wconf 71' lang='lat' dir='ltr'><strong>clusis</strong></span> <span class='ocrx_word' id='word_1_6' title='bbox 931 392 1143 442; x_wconf 73' lang='lat' dir='ltr'><strong>nonacrim</strong></span> <span class='ocrx_word' id='word_1_7' title='bbox 1181 383 1183 388; x_wconf 86' lang='lat'>&#39;</span> 
     </span>
    </p>
   </div>
   <div class='ocr_carea' id='block_1_2' title="bbox 294 501 1340 842">
    <p class='ocr_par' dir='ltr' id='par_1_2' title="bbox 294 501 1340 842">
     <span class='ocr_line' id='line_1_2' title="bbox 299 501 1340 604; baseline 0 -28"><span class='ocrx_word' id='word_1_8' title='bbox 299 501 454 577; x_wconf 91' lang='lat' dir='ltr'><strong>medicis</strong></span> <span class='ocrx_word' id='word_1_9' title='bbox 474 528 630 600; x_wconf 90' lang='lat' dir='ltr'><strong>quoque</strong></span> <span class='ocrx_word' id='word_1_10' title='bbox 656 501 1036 592; x_wconf 80' lang='lat' dir='ltr'><strong>animadverteretur,</strong></span> <span class='ocrx_word' id='word_1_11' title='bbox 1068 531 1208 604; x_wconf 86' lang='lat' dir='ltr'><strong>querna</strong></span> <span class='ocrx_word' id='word_1_12' title='bbox 1233 507 1340 577; x_wconf 89' lang='lat' dir='ltr'><strong>dmo</strong></span> 
     </span>
     <span class='ocr_line' id='line_1_3' title="bbox 295 619 1328 722; baseline 0.003 -28"><span class='ocrx_word' id='word_1_13' title='bbox 295 622 416 695; x_wconf 94' lang='lat' dir='ltr'><strong>dum</strong></span> <span class='ocrx_word' id='word_1_14' title='bbox 407 647 446 693; x_wconf 91' lang='lat' dir='ltr'><strong>1n</strong></span> <span class='ocrx_word' id='word_1_15' title='bbox 465 619 607 692; x_wconf 87' lang='lat' dir='ltr'><strong>herniis</strong></span> <span class='ocrx_word' id='word_1_16' title='bbox 622 620 784 691; x_wconf 89' lang='lat' dir='ltr'><strong>accidit</strong></span> <span class='ocrx_word' id='word_1_17' title='bbox 775 623 1054 694; x_wconf 82' lang='lat' dir='ltr'><strong>intestinorum.</strong></span> <span class='ocrx_word' id='word_1_18' title='bbox 1073 627 1119 695; x_wconf 87' lang='lat' dir='ltr'><strong>Et</strong></span> <span class='ocrx_word' id='word_1_19' title='bbox 1139 627 1328 722; x_wconf 90' lang='lat' dir='ltr'><strong>quamvis</strong></span> 
     </span>
     <span class='ocr_line' id='line_1_4' title="bbox 294 735 1327 842; baseline 0.005 -32"><span class='ocrx_word' id='word_1_20' title='bbox 294 741 334 811; x_wconf 92' lang='lat' dir='ltr'><strong>id</strong></span> <span class='ocrx_word' id='word_1_21' title='bbox 351 740 471 810; x_wconf 90' lang='lat' dir='ltr'><strong>rarius</strong></span> <span class='ocrx_word' id='word_1_22' title='bbox 488 739 527 808; x_wconf 90' lang='lat' dir='ltr'><strong>in</strong></span> <span class='ocrx_word' id='word_1_23' title='bbox 543 741 692 808; x_wconf 81' lang='lat' dir='ltr'><strong>tumore</strong></span> <span class='ocrx_word' id='word_1_24' title='bbox 712 735 785 808; x_wconf 92' lang='lat' dir='ltr'><strong>hoc</strong></span> <span class='ocrx_word' id='word_1_25' title='bbox 803 754 935 810; x_wconf 89' lang='lat' dir='ltr'><strong>nostro</strong></span> <span class='ocrx_word' id='word_1_26' title='bbox 953 743 1178 840; x_wconf 83' lang='lat' dir='ltr'><strong>contingere</strong></span> <span class='ocrx_word' id='word_1_27' title='bbox 1201 769 1327 842; x_wconf 89' lang='lat' dir='ltr'><strong>posse</strong></span> 
     </span>
    </p>
   </div>
   <div class='ocr_carea' id='block_1_3' title="bbox 105 835 1329 958">
    <p class='ocr_par' dir='ltr' id='par_1_3' title="bbox 105 835 1329 958">
     <span class='ocr_line' id='line_1_5' title="bbox 105 835 1329 958; baseline 0.002 -31"><span class='ocrx_word' id='word_1_28' title='bbox 105 945 111 954; x_wconf 28' lang='grc' dir='ltr'>ι</span> <span class='ocrx_word' id='word_1_29' title='bbox 183 841 217 958; x_wconf 43' lang='grc' dir='ltr'>Ἰ</span> <span class='ocrx_word' id='word_1_30' title='bbox 297 857 470 928; x_wconf 75' lang='lat' dir='ltr'><strong>videatur</strong></span> <span class='ocrx_word' id='word_1_31' title='bbox 485 855 536 927; x_wconf 94' lang='lat' dir='ltr'><strong>ob</strong></span> <span class='ocrx_word' id='word_1_32' title='bbox 552 835 803 926; x_wconf 78' lang='lat' dir='ltr'><strong>creberrimos</strong></span> <span class='ocrx_word' id='word_1_33' title='bbox 824 853 960 946; x_wconf 86' lang='lat' dir='ltr'><strong>flexus,</strong></span> <span class='ocrx_word' id='word_1_34' title='bbox 978 883 1058 929; x_wconf 92' lang='lat' dir='ltr'><strong>non</strong></span> <span class='ocrx_word' id='word_1_35' title='bbox 1080 859 1203 931; x_wconf 87' lang='lat' dir='ltr'><strong>levem</strong></span> <span class='ocrx_word' id='word_1_36' title='bbox 1226 885 1329 932; x_wconf 92' lang='lat' dir='ltr'><strong>con·</strong></span> 
     </span>
    </p>
   </div>
   <div class='ocr_carea' id='block_1_4' title="bbox 215 973 1325 4026">
    <p class='ocr_par' dir='ltr' id='par_1_4' title="bbox 215 973 1325 3431">
     <span class='ocr_line' id='line_1_6' title="bbox 297 973 1325 1073; baseline -0.001 -26"><span class='ocrx_word' id='word_1_37' title='bbox 297 975 550 1062; x_wconf 85' lang='lat' dir='ltr'><strong>strictionem,</strong></span> <span class='ocrx_word' id='word_1_38' title='bbox 581 987 618 1044; x_wconf 88' lang='lat' dir='ltr'><strong>at</strong></span> <span class='ocrx_word' id='word_1_39' title='bbox 645 973 894 1068; x_wconf 84' lang='lat' dir='ltr'><strong>arctissimum</strong></span> <span class='ocrx_word' id='word_1_40' title='bbox 915 977 1121 1073; x_wconf 79' lang='lat' dir='ltr'><strong>praesertim</strong></span> <span class='ocrx_word' id='word_1_41' title='bbox 1142 978 1325 1048; x_wconf 91' lang='lat' dir='ltr'><strong>intestini</strong></span> 
     </span>
     <span class='ocr_line' id='line_1_7' title="bbox 297 1091 1322 1188; baseline 0 -23"><span class='ocrx_word' id='word_1_42' title='bbox 297 1118 384 1165; x_wconf 88' lang='lat' dir='ltr'><strong>cum</strong></span> <span class='ocrx_word' id='word_1_43' title='bbox 401 1093 580 1163; x_wconf 89' lang='lat' dir='ltr'><strong>intestino</strong></span> <span class='ocrx_word' id='word_1_44' title='bbox 600 1091 794 1178; x_wconf 88' lang='lat' dir='ltr'><strong>coalitum,</strong></span> <span class='ocrx_word' id='word_1_45' title='bbox 820 1093 1050 1188; x_wconf 85' lang='lat' dir='ltr'><strong>peristaltico</strong></span> <span class='ocrx_word' id='word_1_46' title='bbox 1068 1119 1202 1166; x_wconf 91' lang='lat' dir='ltr'><strong>eorum</strong></span> <span class='ocrx_word' id='word_1_47' title='bbox 1227 1120 1322 1165; x_wconf 89' lang='lat' dir='ltr'><strong>mo-</strong></span> 
     </span>
     <span class='ocr_line' id='line_1_8' title="bbox 296 1207 1321 1305; baseline 0.001 -22"><span class='ocrx_word' id='word_1_48' title='bbox 296 1212 351 1283; x_wconf 90' lang='lat' dir='ltr'><strong>tui</strong></span> <span class='ocrx_word' id='word_1_49' title='bbox 372 1209 622 1296; x_wconf 90' lang='lat' dir='ltr'><strong>officientem,</strong></span> <span class='ocrx_word' id='word_1_50' title='bbox 652 1233 735 1305; x_wconf 87' lang='lat' dir='ltr'><strong>quae</strong></span> <span class='ocrx_word' id='word_1_51' title='bbox 761 1207 936 1280; x_wconf 88' lang='lat' dir='ltr'><strong>videlicet</strong></span> <span class='ocrx_word' id='word_1_52' title='bbox 966 1235 1084 1282; x_wconf 85' lang='lat' dir='ltr'><strong>causac</strong></span> <span class='ocrx_word' id='word_1_53' title='bbox 1115 1214 1321 1284; x_wconf 86' lang='lat' dir='ltr'><strong>materiam</strong></span> 
     </span>
     <span class='ocr_line' id='line_1_9' title="bbox 297 1327 1320 1423; baseline -0.001 -22"><span class='ocrx_word' id='word_1_54' title='bbox 297 1329 401 1401; x_wconf 85' lang='lat' dir='ltr'><strong>unde&#39;</strong></span> <span class='ocrx_word' id='word_1_55' title='bbox 414 1329 652 1414; x_wconf 86' lang='lat' dir='ltr'><strong>renituntur,</strong></span> <span class='ocrx_word' id='word_1_56' title='bbox 669 1327 709 1395; x_wconf 92' lang='lat' dir='ltr'><strong>iu</strong></span> <span class='ocrx_word' id='word_1_57' title='bbox 727 1327 835 1423; x_wconf 88' lang='lat' dir='ltr'><strong>ipsis,</strong></span> <span class='ocrx_word' id='word_1_58' title='bbox 858 1341 900 1397; x_wconf 93' lang='lat' dir='ltr'><strong>ut</strong></span> <span class='ocrx_word' id='word_1_59' title='bbox 918 1327 1100 1417; x_wconf 88' lang='lat' dir='ltr'><strong>vidimus,</strong></span> <span class='ocrx_word' id='word_1_60' title='bbox 1116 1330 1320 1401; x_wconf 88' lang='lat' dir='ltr'><strong>remoran-</strong></span> 
     </span>
     <span class='ocr_line' id='line_1_10' title="bbox 296 1443 1319 1545; baseline -0.001 -26"><span class='ocrx_word' id='word_1_61' title='bbox 296 1454 378 1536; x_wconf 81' lang='lat' dir='ltr'><strong>tu&#39;r,</strong></span> <span class='ocrx_word' id='word_1_62' title='bbox 397 1472 439 1517; x_wconf 89' lang='lat' dir='ltr'><strong>ac</strong></span> <span class='ocrx_word' id='word_1_63' title='bbox 459 1447 643 1531; x_wconf 83' lang='lat' dir='ltr'><strong>retinent3</strong></span> <span class='ocrx_word' id='word_1_64' title='bbox 669 1458 795 1514; x_wconf 91' lang='lat' dir='ltr'><strong>tamen</strong></span> <span class='ocrx_word' id='word_1_65' title='bbox 813 1443 992 1516; x_wconf 87' lang='lat' dir='ltr'><strong>credibile</strong></span> <span class='ocrx_word' id='word_1_66' title='bbox 1011 1461 1081 1533; x_wconf 89' lang='lat' dir='ltr'><strong>est,</strong></span> <span class='ocrx_word' id='word_1_67' title='bbox 1100 1449 1130 1540; x_wconf 84' lang='lat' dir='ltr'><strong>si</strong></span> <span class='ocrx_word' id='word_1_68' title='bbox 1147 1446 1319 1545; x_wconf 84' lang='lat' dir='ltr'><strong>diligen-</strong></span> 
     </span>
     <span class='ocr_line' id='line_1_11' title="bbox 285 1563 1316 1668; baseline -0.002 -28"><span class='ocrx_word' id='word_1_69' title='bbox 285 1583 371 1668; x_wconf 82' lang='lat' dir='ltr'><strong>ter,</strong></span> <span class='ocrx_word' id='word_1_70' title='bbox 399 1569 531 1665; x_wconf 85' lang='lat' dir='ltr'><strong>saepius</strong></span> <span class='ocrx_word' id='word_1_71' title='bbox 550 1589 592 1636; x_wconf 88' lang='lat' dir='ltr'><strong>ac</strong></span> <span class='ocrx_word' id='word_1_72' title='bbox 610 1565 721 1635; x_wconf 86' lang='lat' dir='ltr'><strong>variis</strong></span> <span class='ocrx_word' id='word_1_73' title='bbox 739 1563 975 1663; x_wconf 84' lang='lat' dir='ltr'><strong>temporibus</strong></span> <span class='ocrx_word' id='word_1_74' title='bbox 997 1565 1059 1636; x_wconf 88' lang='lat' dir='ltr'><strong>illa</strong></span> <span class='ocrx_word' id='word_1_75' title='bbox 1083 1569 1316 1665; x_wconf 89' lang='lat' dir='ltr'><strong>perquisitio</strong></span> 
     </span>
     <span class='ocr_line' id='line_1_12' title="bbox 296 1680 1318 1784; baseline -0.002 -27"><span class='ocrx_word' id='word_1_76' title='bbox 296 1700 508 1784; x_wconf 86' lang='lat' dir='ltr'><strong>repetatur,</strong></span> <span class='ocrx_word' id='word_1_77' title='bbox 524 1684 646 1780; x_wconf 87' lang='lat' dir='ltr'><strong>iisque</strong></span> <span class='ocrx_word' id='word_1_78' title='bbox 669 1682 906 1779; x_wconf 91' lang='lat' dir='ltr'><strong>potissimum</strong></span> <span class='ocrx_word' id='word_1_79' title='bbox 929 1680 1068 1778; x_wconf 92' lang='lat' dir='ltr'><strong>quibus</strong></span> <span class='ocrx_word' id='word_1_80' title='bbox 1082 1684 1230 1779; x_wconf 84' lang='lat' dir='ltr'><strong>jamdiu</strong></span> <span class='ocrx_word' id='word_1_81' title='bbox 1251 1688 1318 1755; x_wconf 92' lang='lat' dir='ltr'><strong>ni-</strong></span> 
     </span>
     <span class='ocr_line' id='line_1_13' title="bbox 296 1800 1316 1900; baseline 0 -27"><span class='ocrx_word' id='word_1_82' title='bbox 296 1803 351 1874; x_wconf 90' lang='lat' dir='ltr'><strong>hil</strong></span> <span class='ocrx_word' id='word_1_83' title='bbox 369 1857 378 1890; x_wconf 90' lang='lat'><strong>,</strong></span> <span class='ocrx_word' id='word_1_84' title='bbox 393 1817 430 1874; x_wconf 92' lang='lat' dir='ltr'><strong>et</strong></span> <span class='ocrx_word' id='word_1_85' title='bbox 442 1801 580 1900; x_wconf 91' lang='lat' dir='ltr'><strong>quibus</strong></span> <span class='ocrx_word' id='word_1_86' title='bbox 595 1800 679 1898; x_wconf 92' lang='lat' dir='ltr'><strong>plus</strong></span> <span class='ocrx_word' id='word_1_87' title='bbox 697 1809 819 1896; x_wconf 81' lang='lat' dir='ltr'><strong>nuper</strong></span> <span class='ocrx_word' id='word_1_88' title='bbox 841 1815 1165 1871; x_wconf 90' lang='lat' dir='ltr'><strong>recrementorum</strong></span> <span class='ocrx_word' id='word_1_89' title='bbox 1184 1800 1316 1899; x_wconf 90' lang='lat' dir='ltr'><strong>dejec-</strong></span> 
     </span>
     <span class='ocr_line' id='line_1_14' title="bbox 296 1911 1313 2015; baseline -0.003 -22"><span class='ocrx_word' id='word_1_90' title='bbox 296 1935 377 1993; x_wconf 91' lang='lat' dir='ltr'><strong>tum</strong></span> <span class='ocrx_word' id='word_1_91' title='bbox 397 1919 460 2005; x_wconf 91' lang='lat' dir='ltr'><strong>sit,</strong></span> <span class='ocrx_word' id='word_1_92' title='bbox 479 1933 542 1988; x_wconf 90' lang='lat' dir='ltr'><strong>aut</strong></span> <span class='ocrx_word' id='word_1_93' title='bbox 562 1915 701 2013; x_wconf 94' lang='lat' dir='ltr'><strong>quibus</strong></span> <span class='ocrx_word' id='word_1_94' title='bbox 718 1916 856 2010; x_wconf 88' lang='lat' dir='ltr'><strong>major,</strong></span> <span class='ocrx_word' id='word_1_95' title='bbox 869 1911 1086 2015; x_wconf 70' lang='lat' dir='ltr'><strong>quibusque</strong></span> <span class='ocrx_word' id='word_1_96' title='bbox 1104 1920 1231 1989; x_wconf 88' lang='lat' dir='ltr'><strong>minor</strong></span> <span class='ocrx_word' id='word_1_97' title='bbox 1243 1919 1313 1991; x_wconf 86' lang='lat' dir='ltr'><strong>ssa-</strong></span> 
     </span>
     <span class='ocr_line' id='line_1_15' title="bbox 298 2031 1310 2144; baseline 0.003 -37.051"><span class='ocrx_word' id='word_1_98' title='bbox 298 2035 527 2133; x_wconf 62' lang='lat' dir='ltr'><strong>ifincoprd</strong></span> <span class='ocrx_word' id='word_1_99' title='bbox 537 2047 664 2122; x_wconf 84' lang='lat' dir='ltr'><strong>vexet</strong></span> <span class='ocrx_word' id='word_1_100' title='bbox 682 2031 861 2104; x_wconf 78' lang='lat' dir='ltr'><strong>credibile</strong></span> <span class='ocrx_word' id='word_1_101' title='bbox 875 2049 930 2105; x_wconf 89' lang='lat' dir='ltr'><strong>est</strong></span> <span class='ocrx_word' id='word_1_102' title='bbox 936 2036 1136 2138; x_wconf 89' lang='lat' dir='ltr'><strong>,inquam‚</strong></span> <span class='ocrx_word' id='word_1_103' title='bbox 1150 2039 1310 2144; x_wconf 86' lang='lat' dir='ltr'><strong>aliquod</strong></span> 
     </span>
     <span class='ocr_line' id='line_1_16' title="bbox 296 2151 1310 2255; baseline 0 -26"><span class='ocrx_word' id='word_1_104' title='bbox 296 2153 526 2252; x_wconf 87' lang='lat' dir='ltr'><strong>ejusmodi</strong></span> <span class='ocrx_word' id='word_1_105' title='bbox 500 2177 692 2250; x_wconf 79' lang='lat' dir='ltr'><strong>signorum</strong></span> <span class='ocrx_word' id='word_1_106' title='bbox 714 2151 839 2248; x_wconf 91' lang='lat' dir='ltr'><strong>aliqua</strong></span> <span class='ocrx_word' id='word_1_107' title='bbox 859 2178 902 2224; x_wconf 86' lang='lat' dir='ltr'><strong>ex</strong></span> <span class='ocrx_word' id='word_1_108' title='bbox 919 2170 1025 2252; x_wconf 89' lang='lat' dir='ltr'><strong>parte</strong></span> <span class='ocrx_word' id='word_1_109' title='bbox 1039 2169 1154 2253; x_wconf 73' lang='lat' dir='ltr'><strong>posse</strong></span> <span class='ocrx_word' id='word_1_110' title='bbox 1168 2156 1310 2255; x_wconf 90' lang='lat' dir='ltr'><strong>‹lepre-</strong></span> 
     </span>
     <span class='ocr_line' id='line_1_17' title="bbox 294 2258 1309 2346; baseline 0.001 -2"><span class='ocrx_word' id='word_1_111' title='bbox 294 2271 422 2344; x_wconf 92' lang='lat' dir='ltr'><strong>hendi.</strong></span> <span class='ocrx_word' id='word_1_112' title='bbox 441 2275 523 2341; x_wconf 86' lang='lat' dir='ltr'><strong>Haec</strong></span> <span class='ocrx_word' id='word_1_113' title='bbox 542 2269 635 2339; x_wconf 89' lang='lat' dir='ltr'><strong>mihi</strong></span> <span class='ocrx_word' id='word_1_114' title='bbox 648 2267 750 2340; x_wconf 86' lang='lat' dir='ltr'><strong>fere</strong></span> <span class='ocrx_word' id='word_1_115' title='bbox 741 2293 780 2339; x_wconf 82' lang='lat' dir='ltr'><strong>in</strong></span> <span class='ocrx_word' id='word_1_116' title='bbox 799 2283 965 2342; x_wconf 87' lang='lat' dir='ltr'><strong>mentem</strong></span> <span class='ocrx_word' id='word_1_117' title='bbox 981 2258 1169 2346; x_wconf 71' lang='lat' dir='ltr'><strong>venerunt</strong></span> <span class='ocrx_word' id='word_1_118' title='bbox 1188 2274 1234 2344; x_wconf 90' lang='lat' dir='ltr'><strong>de</strong></span> <span class='ocrx_word' id='word_1_119' title='bbox 1248 2289 1309 2346; x_wconf 87' lang='lat' dir='ltr'><strong>tu-</strong></span> 
     </span>
     <span class='ocr_line' id='line_1_18' title="bbox 293 2375 1306 2491; baseline 0.002 -29"><span class='ocrx_word' id='word_1_120' title='bbox 293 2413 400 2462; x_wconf 89' lang='lat' dir='ltr'><strong>more</strong></span> <span class='ocrx_word' id='word_1_121' title='bbox 428 2387 502 2459; x_wconf 93' lang='lat' dir='ltr'><strong>hoc</strong></span> <span class='ocrx_word' id='word_1_122' title='bbox 523 2389 710 2485; x_wconf 85' lang='lat' dir='ltr'><strong>cogitanti.</strong></span> <span class='ocrx_word' id='word_1_123' title='bbox 732 2375 906 2484; x_wconf 52' lang='lat' dir='ltr'><strong>mulia,</strong></span> <span class='ocrx_word' id='word_1_124' title='bbox 927 2404 964 2459; x_wconf 90' lang='lat' dir='ltr'><strong>et</strong></span> <span class='ocrx_word' id='word_1_125' title='bbox 984 2404 1025 2459; x_wconf 92' lang='lat' dir='ltr'><strong>tu</strong></span> <span class='ocrx_word' id='word_1_126' title='bbox 1051 2416 1206 2489; x_wconf 91' lang='lat' dir='ltr'><strong>quoque</strong></span> <span class='ocrx_word' id='word_1_127' title='bbox 1230 2418 1306 2491; x_wconf 87' lang='lat' dir='ltr'><strong>pro</strong></span> 
     </span>
     <span class='ocr_line' id='line_1_19' title="bbox 293 2505 1305 2607; baseline 0.003 -27"><span class='ocrx_word' id='word_1_128' title='bbox 293 2524 361 2580; x_wconf 91' lang='lat' dir='ltr'><strong>tuo</strong></span> <span class='ocrx_word' id='word_1_129' title='bbox 382 2506 476 2578; x_wconf 91' lang='lat' dir='ltr'><strong>mihi</strong></span> <span class='ocrx_word' id='word_1_130' title='bbox 490 2519 655 2605; x_wconf 86' lang='lat' dir='ltr'><strong>spectato</strong></span> <span class='ocrx_word' id='word_1_131' title='bbox 670 2505 823 2602; x_wconf 87' lang='lat' dir='ltr'><strong>ingenio</strong></span> <span class='ocrx_word' id='word_1_132' title='bbox 839 2508 987 2604; x_wconf 88' lang='lat' dir='ltr'><strong>potiora</strong></span> <span class='ocrx_word' id='word_1_133' title='bbox 1004 2507 1194 2607; x_wconf 83' lang='lat' dir='ltr'><strong>adjunges</strong></span> <span class='ocrx_word' id='word_1_134' title='bbox 1209 2511 1305 2602; x_wconf 84' lang='lat' dir='ltr'><strong>&#39;Quo</strong></span> 
     </span>
     <span class='ocr_line' id='line_1_20' title="bbox 291 2617 1308 2720; baseline 0.002 -23"><span class='ocrx_word' id='word_1_135' title='bbox 291 2624 433 2697; x_wconf 86' lang='lat' dir='ltr'><strong>facilius</strong></span> <span class='ocrx_word' id='word_1_136' title='bbox 443 2623 481 2694; x_wconf 91' lang='lat' dir='ltr'><strong>id</strong></span> <span class='ocrx_word' id='word_1_137' title='bbox 495 2620 622 2710; x_wconf 83' lang='lat' dir='ltr'><strong>facias,</strong></span> <span class='ocrx_word' id='word_1_138' title='bbox 637 2623 789 2693; x_wconf 89' lang='lat' dir='ltr'><strong>alteram</strong></span> <span class='ocrx_word' id='word_1_139' title='bbox 803 2678 812 2711; x_wconf 91' lang='lat'><strong>,</strong></span> <span class='ocrx_word' id='word_1_140' title='bbox 824 2628 994 2720; x_wconf 88' lang='lat' dir='ltr'><strong>quamvis</strong></span> <span class='ocrx_word' id='word_1_141' title='bbox 1009 2617 1088 2696; x_wconf 90' lang='lat' dir='ltr'><strong>aliis</strong></span> <span class='ocrx_word' id='word_1_142' title='bbox 1102 2652 1186 2698; x_wconf 91' lang='lat' dir='ltr'><strong>cum</strong></span> <span class='ocrx_word' id='word_1_143' title='bbox 1204 2654 1308 2700; x_wconf 90' lang='lat' dir='ltr'><strong>mor-</strong></span> 
     </span>
     <span class='ocr_line' id='line_1_21' title="bbox 291 2742 1302 2841; baseline -0.001 -24"><span class='ocrx_word' id='word_1_144' title='bbox 291 2745 351 2818; x_wconf 88' lang='lat' dir='ltr'><strong>bis</strong></span> <span class='ocrx_word' id='word_1_145' title='bbox 367 2742 602 2841; x_wconf 85' lang='lat' dir='ltr'><strong>implicitam,</strong></span> <span class='ocrx_word' id='word_1_146' title='bbox 619 2765 744 2838; x_wconf 90' lang='lat' dir='ltr'><strong>neque</strong></span> <span class='ocrx_word' id='word_1_147' title='bbox 761 2745 855 2812; x_wconf 84' lang='lat' dir='ltr'><strong>am&#39;e</strong></span> <span class='ocrx_word' id='word_1_148' title='bbox 875 2744 941 2839; x_wconf 91' lang='lat' dir='ltr'><strong>qui</strong></span> <span class='ocrx_word' id='word_1_149' title='bbox 957 2767 1096 2841; x_wconf 84' lang='lat' dir='ltr'><strong>aegrum</strong></span> <span class='ocrx_word' id='word_1_150' title='bbox 1113 2770 1191 2815; x_wconf 92' lang='lat' dir='ltr'><strong>non</strong></span> <span class='ocrx_word' id='word_1_151' title='bbox 1202 2745 1302 2835; x_wconf 90' lang='lat' dir='ltr'><strong>vidi,</strong></span> 
     </span>
     <span class='ocr_line' id='line_1_22' title="bbox 292 2857 1303 2960; baseline -0.001 -23"><span class='ocrx_word' id='word_1_152' title='bbox 292 2865 379 2937; x_wconf 87' lang='lat' dir='ltr'><strong>satis</strong></span> <span class='ocrx_word' id='word_1_153' title='bbox 398 2859 553 2932; x_wconf 84' lang='lat' dir='ltr'><strong>fortasse</strong></span> <span class='ocrx_word' id='word_1_154' title='bbox 570 2873 696 2930; x_wconf 84' lang='lat' dir='ltr'><strong>exacte</strong></span> <span class='ocrx_word' id='word_1_155' title='bbox 723 2857 969 2958; x_wconf 87' lang='lat' dir='ltr'><strong>descriptam,</strong></span> <span class='ocrx_word' id='word_1_156' title='bbox 999 2861 1303 2960; x_wconf 85' lang='lat' dir='ltr'><strong>observationem</strong></span> 
     </span>
     <span class='ocr_line' id='line_1_23' title="bbox 215 2961 1301 3078; baseline 0 -25"><span class='ocrx_word' id='word_1_157' title='bbox 215 3023 216 3033; x_wconf 25' lang='grc' dir='ltr'><strong>κ</strong></span> <span class='ocrx_word' id='word_1_158' title='bbox 292 2975 512 3054; x_wconf 85' lang='lat' dir='ltr'><strong>subnectam</strong></span> <span class='ocrx_word' id='word_1_159' title='bbox 534 3003 617 3074; x_wconf 83' lang='lat' dir='ltr'><strong>quae</strong></span> <span class='ocrx_word' id='word_1_160' title='bbox 634 2961 682 3046; x_wconf 89' lang='lat' dir='ltr'><strong>ad</strong></span> <span class='ocrx_word' id='word_1_161' title='bbox 701 2977 887 3072; x_wconf 88' lang='lat' dir='ltr'><strong>ejusmodi</strong></span> <span class='ocrx_word' id='word_1_162' title='bbox 906 2993 1073 3050; x_wconf 88' lang='lat' dir='ltr'><strong>tumores</strong></span> <span class='ocrx_word' id='word_1_163' title='bbox 1097 2979 1301 3078; x_wconf 88' lang='lat' dir='ltr'><strong>quadante-</strong></span> 
     </span>
     <span class='ocr_line' id='line_1_24' title="bbox 291 3094 1303 3192; baseline 0.001 -22"><span class='ocrx_word' id='word_1_164' title='bbox 291 3123 365 3171; x_wconf 91' lang='lat' dir='ltr'><strong>nus</strong></span> <span class='ocrx_word' id='word_1_165' title='bbox 394 3113 494 3169; x_wconf 85' lang='lat' dir='ltr'><strong>certe</strong></span> <span class='ocrx_word' id='word_1_166' title='bbox 512 3111 638 3167; x_wconf 91' lang='lat' dir='ltr'><strong>autem</strong></span> <span class='ocrx_word' id='word_1_167' title='bbox 658 3094 704 3164; x_wconf 91' lang='lat' dir='ltr'><strong>ad</strong></span> <span class='ocrx_word' id='word_1_168' title='bbox 728 3094 825 3166; x_wconf 89' lang='lat' dir='ltr'><strong>hanc</strong></span> <span class='ocrx_word' id='word_1_169' title='bbox 851 3096 1046 3192; x_wconf 90' lang='lat' dir='ltr'><strong>epistolam</strong></span> <span class='ocrx_word' id='word_1_170' title='bbox 1070 3098 1222 3187; x_wconf 88' lang='lat' dir='ltr'><strong>attinet,</strong></span> <span class='ocrx_word' id='word_1_171' title='bbox 1254 3100 1303 3171; x_wconf 90' lang='lat' dir='ltr'><strong>ad</strong></span> 
     </span>
     <span class='ocr_line' id='line_1_25' title="bbox 292 3215 1301 3315; baseline 0.002 -27"><span class='ocrx_word' id='word_1_172' title='bbox 292 3221 483 3315; x_wconf 91' lang='lat' dir='ltr'><strong>imamque</strong></span> <span class='ocrx_word' id='word_1_173' title='bbox 500 3216 693 3311; x_wconf 85' lang='lat' dir='ltr'><strong>regionem</strong></span> <span class='ocrx_word' id='word_1_174' title='bbox 712 3215 873 3299; x_wconf 88' lang='lat' dir='ltr'><strong>ventris,</strong></span> <span class='ocrx_word' id='word_1_175' title='bbox 893 3238 995 3310; x_wconf 81' lang='lat' dir='ltr'><strong>quae,</strong></span> <span class='ocrx_word' id='word_1_176' title='bbox 1016 3219 1056 3285; x_wconf 88' lang='lat' dir='ltr'><strong>u&#39;t</strong></span> <span class='ocrx_word' id='word_1_177' title='bbox 1082 3219 1301 3314; x_wconf 90' lang='lat' dir='ltr'><strong>propositus</strong></span> 
     </span>
     <span class='ocr_line' id='line_1_26' title="bbox 293 3321 1221 3431; baseline -0.003 -25"><span class='ocrx_word' id='word_1_178' title='bbox 293 3334 388 3406; x_wconf 91' lang='lat' dir='ltr'><strong>ordo</strong></span> <span class='ocrx_word' id='word_1_179' title='bbox 404 3332 672 3431; x_wconf 88' lang='lat' dir='ltr'><strong>postulat,jam</strong></span> <span class='ocrx_word' id='word_1_180' title='bbox 686 3330 827 3401; x_wconf 90' lang='lat' dir='ltr'><strong>anobis</strong></span> <span class='ocrx_word' id='word_1_181' title='bbox 842 3321 1042 3427; x_wconf 81' lang='lat' dir='ltr'><strong>spectanda</strong></span> <span class='ocrx_word' id='word_1_182' title='bbox 1060 3347 1125 3403; x_wconf 89' lang='lat' dir='ltr'><strong>est.</strong></span> <span class='ocrx_word' id='word_1_183' title='bbox 1217 3335 1221 3346; x_wconf 84' lang='grc'><em>“</em></span> 
     </span>
    </p>

    <p class='ocr_par' dir='ltr' id='par_1_5' title="bbox 280 3448 1304 4026">
     <span class='ocr_line' id='line_1_27' title="bbox 342 3448 1301 3549; baseline -0.001 -26"><span class='ocrx_word' id='word_1_184' title='bbox 342 3478 398 3549; x_wconf 84' lang='lat'><strong>29.</strong></span> <span class='ocrx_word' id='word_1_185' title='bbox 415 3448 603 3522; x_wconf 88' lang='lat' dir='ltr'><strong>Monacho</strong></span> <span class='ocrx_word' id='word_1_186' title='bbox 618 3475 662 3519; x_wconf 87' lang='lat' dir='ltr'><strong>ex</strong></span> <span class='ocrx_word' id='word_1_187' title='bbox 677 3452 709 3518; x_wconf 93' lang='lat' dir='ltr'><strong>S.</strong></span> <span class='ocrx_word' id='word_1_188' title='bbox 724 3449 909 3524; x_wconf 82' lang='lat' dir='ltr'><strong>Francisci</strong></span> <span class='ocrx_word' id='word_1_189' title='bbox 930 3448 1120 3539; x_wconf 84' lang='lat' dir='ltr'><strong>coenobio&#39;,</strong></span> <span class='ocrx_word' id='word_1_190' title='bbox 1140 3451 1246 3547; x_wconf 90' lang='lat' dir='ltr'><strong>quod</strong></span> <span class='ocrx_word' id='word_1_191' title='bbox 1261 3455 1301 3522; x_wconf 90' lang='lat' dir='ltr'><strong>in</strong></span> 
     </span>
     <span class='ocr_line' id='line_1_28' title="bbox 280 3555 1304 3668; baseline 0.008 -34"><span class='ocrx_word' id='word_1_192' title='bbox 280 3571 410 3668; x_wconf 80' lang='lat' dir='ltr'><strong>,patria</strong></span> <span class='ocrx_word' id='word_1_193' title='bbox 430 3582 601 3655; x_wconf 89' lang='lat' dir='ltr'><strong>meaest,</strong></span> <span class='ocrx_word' id='word_1_194' title='bbox 620 3555 707 3637; x_wconf 78' lang='lat' dir='ltr'><strong>curii</strong></span> <span class='ocrx_word' id='word_1_195' title='bbox 722 3557 844 3636; x_wconf 79' lang='lat' dir='ltr'><strong>ascitis</strong></span> <span class='ocrx_word' id='word_1_196' title='bbox 864 3564 1065 3638; x_wconf 90' lang='lat' dir='ltr'><strong>mediocris</strong></span> <span class='ocrx_word' id='word_1_197' title='bbox 1088 3565 1227 3638; x_wconf 91' lang='lat' dir='ltr'><strong>indicia</strong></span> <span class='ocrx_word' id='word_1_198' title='bbox 1244 3594 1304 3641; x_wconf 86' lang='lat' dir='ltr'><strong>es-</strong></span> 
     </span>
     <span class='ocr_line' id='line_1_29' title="bbox 291 3684 1303 3784; baseline -0.004 -24"><span class='ocrx_word' id='word_1_199' title='bbox 291 3703 392 3774; x_wconf 91' lang='lat' dir='ltr'><strong>seut,</strong></span> <span class='ocrx_word' id='word_1_200' title='bbox 410 3699 566 3784; x_wconf 90' lang='lat' dir='ltr'><strong>repente</strong></span> <span class='ocrx_word' id='word_1_201' title='bbox 583 3686 742 3781; x_wconf 85' lang='lat' dir='ltr'><strong>copiosae</strong></span> <span class='ocrx_word' id='word_1_202' title='bbox 757 3684 983 3754; x_wconf 87' lang='lat' dir='ltr'><strong>vomitiones</strong></span> <span class='ocrx_word' id='word_1_203' title='bbox 998 3686 1083 3755; x_wconf 89' lang='lat' dir='ltr'><strong>visae</strong></span> <span class='ocrx_word' id='word_1_204' title='bbox 1099 3699 1187 3756; x_wconf 92' lang='lat' dir='ltr'><strong>sunt</strong></span> <span class='ocrx_word' id='word_1_205' title='bbox 1208 3710 1303 3758; x_wconf 83' lang='lat' dir='ltr'><strong>ven-</strong></span> 
     </span>
     <span class='ocr_line' id='line_1_30' title="bbox 289 3799 1301 3902; baseline -0.002 -25"><span class='ocrx_word' id='word_1_206' title='bbox 289 3821 386 3877; x_wconf 89' lang='lat' dir='ltr'><strong>trem</strong></span> <span class='ocrx_word' id='word_1_207' title='bbox 402 3804 626 3902; x_wconf 80' lang='lat' dir='ltr'><strong>deplevisse3</strong></span> <span class='ocrx_word' id='word_1_208' title='bbox 645 3802 718 3872; x_wconf 90' lang='lat' dir='ltr'><strong>nisi</strong></span> <span class='ocrx_word' id='word_1_209' title='bbox 732 3799 836 3898; x_wconf 93' lang='lat' dir='ltr'><strong>quod</strong></span> <span class='ocrx_word' id='word_1_210' title='bbox 853 3803 893 3870; x_wconf 90' lang='lat' dir='ltr'><strong>in</strong></span> <span class='ocrx_word' id='word_1_211' title='bbox 909 3799 1152 3899; x_wconf 88' lang='lat' dir='ltr'><strong>hypogastrio</strong></span> <span class='ocrx_word' id='word_1_212' title='bbox 1170 3818 1301 3875; x_wconf 90' lang='lat' dir='ltr'><strong>tumor</strong></span> 
     </span>
     <span class='ocr_line' id='line_1_31' title="bbox 290 3917 1301 4026; baseline -0.002 -30"><span class='ocrx_word' id='word_1_213' title='bbox 290 3923 465 4023; x_wconf 89' lang='lat' dir='ltr'><strong>apparuit</strong></span> <span class='ocrx_word' id='word_1_214' title='bbox 478 3944 520 3992; x_wconf 84' lang='lat' dir='ltr'><strong>ea</strong></span> <span class='ocrx_word' id='word_1_215' title='bbox 531 3919 684 4008; x_wconf 90' lang='lat' dir='ltr'><strong>duritie,</strong></span> <span class='ocrx_word' id='word_1_216' title='bbox 696 3917 963 4026; x_wconf 20' lang='lat' dir='ltr'><strong>utlslrirrhosus</strong></span> <span class='ocrx_word' id='word_1_217' title='bbox 976 3919 1205 3994; x_wconf 89' lang='lat' dir='ltr'><strong>crederetur.</strong></span> <span class='ocrx_word' id='word_1_218' title='bbox 1220 3928 1301 3996; x_wconf 86' lang='lat' dir='ltr'><strong>Hoc</strong></span> 
     </span>
    </p>
   </div>
   <div class='ocr_carea' id='block_1_5' title="bbox 0 0 1412 4674">
    <p class='ocr_par' dir='ltr' id='par_1_6' title="bbox 0 0 1412 4674">
     <span class='ocr_line' id='line_1_32' title="bbox 0 0 1412 4674; baseline 0 3"><span class='ocrx_word' id='word_1_219' title='bbox 0 0 1412 4674; x_wconf 95' lang='lat' dir='ltr'><strong> </strong></span> 
     </span>
    </p>
   </div>
  </div>
 </body>
</html>
