2746 4674
273 413 343 465 200
382 441 385 448 ι
438 415 484 462 DE
511 407 656 462 SEDIBUS
680 409 724 462 ΕΤ
749 409 873 462 CAUSIS
898 413 1105 464 HORBORUK

273 527 471 600 fertionem
502 527 701 624 conjungi,
730 551 812 622 quae
831 527 924 598 mihi
952 528 1142 600 interdum
1160 550 1284 618 ccca‘
1364 561 1365 618 i

262 649 414 718 ‘sionem
441 644 598 742 praebuit
624 643 844 730 dubitandi,
871 669 919 716 an
947 644 1024 718 haec
1042 645 1140 716 illius
1161 669 1284 718 causa

273 761 402 840 fuerit,
419 762 575 830 vesicam
593 759 802 832 dormiente
815 759 989 850 homine,
1005 766 1054 834 ita
1072 776 1109 834 et
1127 778 1206 834 tarn
1222 787 1284 834 ce·
1364 769 1365 848 i

273 881 399 952 leriter
434 877 702 962 distemlendo,
732 894 773 950 ut
796 903 883 952 mox
912 884 952 952 in
985 893 1208 980 experrecto
1242 903 1284 952 se

273 995 497 1070 contrahere
516 996 676 1092 amplius
690 1021 766 1067 non
786 1011 920 1093 posset,
936 1001 992 1068 An
1013 1022 1102 1079 vero
1122 1021 1226 1094 aeger
1241 1000 1287 1066 in
1364 995 1365 1070 i

274 1116 382 1210 cujus
398 1115 553 1184 vesicam
575 1113 763 1184 Fabricius
782 1129 910 1184 noster
931 1112 978 1184 ab
997 1112 1282 1212 Aquapenden·

275 1247 311 1302 te
328 1244 339 1324 (Ι
351 1241 380 1317 r)
396 1231 542 1316 scribit,
562 1246 700 1300 tantam
720 1230 798 1300 lotii
813 1231 979 1327 copiam,
995 1245 1128 1302 natura
1146 1229 1282 1302 crisim

274 1348 472 1430 metiente,
485 1346 696 1434 influxisse,
715 1361 756 1416 ut
771 1370 854 1416 cum
870 1346 963 1416 illud
974 1345 1133 1417 reddere
1143 1346 1284 1442 nequi·
1364 1403 1365 1418 ι

275 1481 348 1550 ret,
365 1462 473 1536 fuerit
489 1489 562 1562 per
576 1464 801 1535 catheterern
821 1462 1111 1550 extrahendum,
1125 1487 1174 1534 an
1182 1483 1285 1560 aeger

275 1583 325 1668 is,
347 1583 518 1678 inquam,
536 1597 576 1651 ut
596 1604 700 1651 meus
726 1579 928 1661 dormiret,
955 1604 1022 1666 an,
1049 1593 1089 1650 ut
1109 1603 1153 1648 ex
1173 1575 1284 1650 febre

277 1703 455 1772 contiuua
483 1715 519 1768 et
544 1697 755 1795 periculosa
778 1694 1054 1786 decumbebat,
1077 1693 1284 1766 hebetibus

276 1831 371 1888 esset
396 1812 584 1893 sensibus,
610 1815 716 1886 sicuti
736 1838 805 1912 pro
822 1831 923 1887 certo
940 1813 1145 1900 nescimus,
1162 1812 1214 1882 ita
1230 1807 1282 1880 al·

276 1949 461 2004 teratrum
485 1932 569 2001 iicet
587 1928 694 2010 xfacile
712 1931 914 2027 suspicari3
931 1929 1170 2026 nequeenim
1191 1915 1290 2000 alio?

231 2041 234 2048 ’
277 2051 369 2146 quin
383 2044 636 2144 aliparet,cur
659 2071 702 2118 ex
725 2072 801 2144 quo
821 2049 926 2116 urina
944 2047 1108 2144 primum
1126 2045 1167 2114 in
1187 2045 1281 2116 vesi·

278 2187 356 2236 cam
392 2164 502 2259 paulo
527 2163 713 2259 copiosius
738 2161 853 2234 fluere
883 2176 1067 2259 coeperat,
1092 2185 1174 2232 non
1200 2183 1282 2235 eam
1322 2247 1323 2250 Ἴ

278 2277 505 2365 reddiderit,
521 2296 556 2350 et
577 2281 627 2350 sic
648 2279 826 2377 deinceps
853 2277 1045 2366 faciendo,
1072 2279 1213 2350 caverit
1235 2301 1280 2348 ne

279 2412 418 2496 quanta
440 2413 579 2494 quauta
597 2396 789 2488 afflueret,
803 2399 926 2494 omnis
942 2397 982 2468 iu
999 2397 1119 2468 vesica
1139 2397 1279 2467 retine÷

279 2531 394 2586 retur.
536 2517 539 2520 ’
1251 2527 1253 2532 ’

328 2631 383 2703 15.
415 2633 522 2727 Ejus,
543 2657 622 2728 quae
644 2633 756 2730 paulo
773 2647 858 2704 ante
878 2631 975 2702 dicta
992 2646 1063 2722 est,
1083 2631 1280 2728 utriusque

279 2752 402 2821 morbi
425 2751 720 2844 conjunctionis,
747 2751 905 2822 diabetis
922 2749 1094 2820 videlicet
1111 2763 1226 2846 atque
1241 2749 1283 2818 is·

281 2864 442 2952 charito,
462 2893 508 2938 ne
537 2867 634 2964 apud
665 2869 758 2939 alios
784 2867 953 2964 exempla
974 2888 1138 2964 quaeras,
1156 2867 1280 2961 cujus·

195 2993 198 3002 '
280 2983 384 3053 modi
405 2985 440 3052 iu
460 2987 590 3080 prioris
607 3003 700 3054 esset
715 2987 752 3054 in
768 2983 1012 3082 Sepulchreto
1028 2982 1121 3054 illud
1131 2981 1281 3053 Hildani

280 3101 401 3198 quod,
420 3101 463 3170 ad
485 3127 610 3195 senem
627 3104 804 3189 attinens,
817 3126 928 3198 supra
940 3101 993 3198 (a)
1003 3113 1276 3185 memoratum,

279 3219 317 3285 iu
333 3217 429 3288 hauc
445 3221 646 3289 sectionem
664 3219 820 3304 relatum
834 3235 888 3290 est
900 3219 956 3312 §8
969 3217 1278 3290 observationisX

280 3359 360 3430 quaa
379 3336 501 3430 primo
518 3336 668 3433 quidem
685 3337 769 3406 loco
783 3338 1031 3434 proponitur,
1050 3359 1136 3406 nam
1153 3333 1277 3418 altera,

178 3453 179 3456 ’
279 3473 346 3546 per
372 3451 554 3522 incuriam
583 3452 715 3522 eodem
742 3434 913 3526 numero·
929 3453 1136 3550 designata,
1160 3450 1278 3524 conti·

280 3592 358 3636 nuo
378 3564 544 3638 succedit
558 3595 567 3655 ;
583 3595 675 3641 neve
697 3596 765 3669 ego
785 3571 854 3642 alia
878 3571 1078 3668 adjungam
1099 3567 1275 3662 recentis*

317 3847 358 3929 (1)
381 3851 426 3906 De
444 3829 683 3926 chirur.‘o1ierat.
701 3855 754 3910 ubi
766 3855 802 3912 de
816 3855 909 3912 urinae
923 3871 1057 3930 suppres.

314 3948 359 4026 (2)
380 3952 418 4006 N·
440 3969 468 4024 a·
637 3957 640 3966 “
900 3949 909 3964 ”
