2726 4676
295 417 365 492 218
457 441 503 486 nr
530 438 676 486 seorsus
702 441 745 485 rr
770 439 894 487 causis
921 440 1132 491 nonnosum

293 551 552 626 animadversa
577 567 631 622 est
653 578 735 649 quae
753 555 804 628 sic
828 568 1003 642 noceret,
1026 569 1162 651 praeter
1185 579 1310 626 unam

293 675 426 770 inqua
447 695 532 744 cum
556 695 600 746 ea
622 687 729 744 cocta
745 686 870 744 essent
884 697 967 769 quae
981 670 1156 744 arenulas
1176 671 1313 769 expel-

293 791 396 878 lunt,
409 804 489 860 tum
504 789 682 886 agitatum
698 787 818 864 fuerat
830 804 1028 887 argentum
1037 792 1178 860 vivum.
1189 793 1314 858 Erant

296 934 338 983 ea
367 906 591 1008 animalcula
610 909 735 1005 nigra,
756 923 794 980 et
819 906 979 980 exilibus
1000 906 1197 981 scarabaeis
1212 931 1312 1008 qua·

296 1027 485 1100 dantenus
512 1027 676 1099 similia:
706 1051 788 1122 quae
813 1049 874 1096 res
903 1025 1112 1098 Valsalvam
1139 1023 1312 1121 denique

294 1144 503 1244 permovit,
519 1159 561 1214 ut
572 1143 771 1240 diligenter
781 1144 924 1240 inquiri
938 1143 1111 1240 juberet,
1128 1166 1225 1216 num
1238 1141 1311 1213 alia
1353 1121 1354 1128 ἵ

297 1261 529 1359 ejuscemodi
548 1263 586 1332 in
605 1263 694 1359 aegri
716 1261 915 1350 cubiculo,
936 1276 1001 1334 aut
1017 1261 1084 1333 ubi
1097 1261 1314 1334 matulaeas-

297 1378 564 1468 servabantur,
588 1382 860 1452 invenirentur.
876 1384 971 1452 Cum
987 1381 1140 1450 inventa
1158 1393 1312 1464 essent,

297 1500 644 1597 experimentorum
658 1496 774 1570 finem
795 1495 901 1570 fecit:
921 1522 1046 1594 neque
1064 1513 1190 1568 tamen
1208 1497 1310 1570 illam

295 1619 457 1718 primam
475 1617 731 1715 suspicionem
750 1619 908 1690 omnino
921 1615 1141 1714 deposuisse
1158 1614 1312 1686 videba-

298 1751 377 1822 tur,
395 1737 602 1834 praesertim
625 1760 711 1806 cum
738 1737 808 1836 ipsi
827 1735 1051 1806 animalcula
1076 1732 1203 1806 oblata
1224 1747 1310 1806 suut

298 1855 390 1942 alia,
405 1879 487 1950 quae
501 1851 548 1924 ab
566 1853 639 1924 alio
658 1877 745 1923 cum
762 1852 936 1924 sabulosa
956 1854 1112 1928 materia
1129 1853 1245 1924 micta
1260 1851 1309 1924 di·

299 1970 493 2070 cebantur.
524 1973 697 2065 Quorum
725 1996 844 2042 unum
867 1973 935 2042 etsi
953 1970 1047 2042 mihi
1065 1969 1253 2062 ostendit,
1276 1983 1309 2038 et

299 2089 347 2160 ad
371 2089 518 2172 vivum,
547 2089 789 2187 microscopii
816 2090 927 2160 etiam
952 2088 1194 2184 adjument0,
1219 2086 1308 2158 deli-

215 2295 223 2303 κ
300 2204 493 2278 noandum
514 2207 681 2295 curavit,
709 2222 837 2280 tamen
870 2205 917 2278 de
955 2207 1000 2278 iis
1041 2204 1137 2276 nihil
1165 2205 1308 2288 dicam,

302 2323 458 2424 quando
486 2322 577 2395 hinc
608 2324 798 2423 Alghisius
822 2326 860 2394 in
878 2325 1047 2422 ,epistola
1067 2312 1308 2398 ad'vatlisne-

301 2442 401 2514 rium
419 2439 474 2536 (1)
494 2440 586 2539 quid
611 2443 786 2530 sentiret,
813 2442 988 2538 adjuncta
1016 2441 1128 2512 simul
1150 2442 1307 2538 imagine

298 2544 456 2647 borum,
484 2561 679 2656 exposuit,
706 2574 743 2632 et
767 2585 812 2630 ex
832 2558 903 2630 hac
931 2559 1176 2632 Vallisnerius
1197 2555 1309 2654 suspi-
1353 2555 1354 2562 ’

304 2678 380 2748 cari
401 2702 438 2748 se
461 2703 570 2776 posse
602 2679 785 2768 credidit,
810 2703 957 2749 vermes
976 2675 1090 2760 fuisse
1110 2698 1307 2774 parvorum

304 2796 559 2895 quorumdam
578 2797 873 2884 scarabaeorum,
891 2797 931 2866 in
953 2794 1126 2867 trabibus
1144 2794 1309 2866 nidulan-

304 2913 417 3000 tium,
435 2939 479 2998 ere¹
500 2913 741 2986 lacunaribus
753 2915 793 2984 in
808 2913 987 2986 matulam
1001 2910 1098 2983 forte
1118 2911 1307 3010 delapsos;

306 3031 358 3104 sic
376 3031 478 3102 enim
496 3031 542 3102 ad
567 3057 626 3103 me
652 3033 800 3129 scripsit
819 3031 940 3128 pridie
967 3055 1087 3102 nonas
1108 3030 1238 3128 aprilis
1256 3053 1307 3100 an·

306 3146 347 3218 ni
375 3171 437 3246 ¹7¹
450 3173 478 3219 1.
505 3153 636 3218 Postea
654 3171 745 3220 vero
764 3145 865 3218 idem
883 3146 1128 3224 Vallisnerius
1145 3147 1186 3216 in
1203 3146 1308 3218 adno·
1353 3147 1354 3154 ’

305 3265 449 3338 tatione
467 3263 522 3362 (2)
540 3263 586 3336 ad
604 3262 761 3362 Alghisii
776 3263 971 3361 epistolam
990 3261 1306 3361 videturcoepisse

307 3382 543 3480 permoveri,
570 3397 612 3452 ut
641 3381 819 3460 minimos
838 3381 1023 3479 quosdam
1050 3395 1087 3455 et
1105 3405 1204 3478 pene
1225 3378 1306 3476 invi·
1353 3413 1354 3422 2

308 3498 437 3583 sibiles
451 3524 620 3589 vermes,
640 3524 737 3598 quos
755 3501 795 3575 in
816 3501 927 3581 urina
947 3515 1041 3572 tunc
1068 3497 1220 3572 ridebat
1244 3493 1306 3567 viri

310 3617 374 3700 cui
389 3614 629 3706 medebatur,
648 3619 748 3690 intra
765 3618 845 3714 ejus
860 3640 1001 3716 corpus
1019 3613 1122 3717 gigni
1135 3615 1306 3713 potuisse,

348 3895 390 3976 (r)
413 3901 510 3968 Quam
523 3901 584 3958 vid.
600 3885 675 3958 tomi
690 3919 723 3974 r,
737 3900 828 3976 hujus
838 3917 962 3976 operum
974 3939 983 3973 ‚
995 3917 1027 3980 p.
1043 3896 1071 3962 5,
1167 3908 1170 3912 ’

346 3994 392 4084 o>
409 3997 489 4068 nu
