2740 4670
293 420 363 510 340
453 443 505 523 nr
530 441 676 492 sununs
701 443 744 488 rr
770 439 894 492 causis
919 441 1128 490 uonnoauu

292 558 450 657 singulis
467 557 700 655 argumentis
724 553 879 652 singulae
903 555 943 625 in
966 555 1210 653 Sepulchreto
1229 559 1281 629 ad·

291 676 436 748 duntur
466 673 661 746 sectiones.
688 675 958 744 Verumtamen
976 671 1067 744 duas
1096 673 1146 745 ob
1168 699 1279 748 causas

290 819 369 867 non
392 792 535 864 faciam.
562 792 685 862 Prima
706 804 783 876 est,
805 789 909 887 quod
935 813 1007 861 nec
1030 791 1199 863 Valsalva
1222 819 1280 864 nec

291 935 361 1010 ego
374 933 603 1006 quemquam
618 934 663 978 ex
673 905 820 978 diabete
834 922 1028 978 mortuum
1041 907 1281 998 dissecuirnus,

291 1027 396 1126 quod
423 1051 491 1123 per
516 1041 552 1096 te
579 1023 686 1096 facile
711 1024 919 1119 conjeceris
945 1049 989 1094 ex
1009 1026 1053 1095 iis
1073 1051 1154 1122 quae
1175 1027 1220 1100 de
1244 1051 1281 1098 eo

290 1143 427 1216 morbo
443 1144 546 1240 attigi
561 1143 716 1239 epistola
731 1141 926 1239 superiore
944 1143 975 1238 (ι
986 1141 1011 1224 ).
1027 1144 1172 1231 Altera,
1192 1146 1281 1243 quod

290 1261 353 1333 illa
371 1261 497 1332 omnia
510 1283 592 1356 quae
609 1261 648 1328 in
670 1257 816 1330 denatis
839 1273 925 1357 post
945 1275 1094 1332 caeteras
1111 1262 1282 1360 istasque

278 1378 406 1456 ¹modo
440 1372 662 1450 di'ctaesunt
689 1371 925 1464 affectiones,
955 1377 1281 1475 deprehendimus,

288 1497 364 1594 jam
389 1519 473 1566 curn
492 1493 761 1590 aliisaquihus
785 1495 871 1591 ipsae
890 1493 1108 1592 pendebant
1129 1497 1281 1584 morbis,

290 1612 395 1712 quod
418 1613 458 1682 in
488 1611 548 1682 his
567 1619 722 1708 quoque
744 1610 876 1690 litteris
900 1611 1203 1686 animadvertere
1226 1639 1284 1713 po·

289 1730 415 1818 tuisti,
431 1728 708 1826 proposuimus.
729 1729 815 1802 Non
834 1742 890 1800 est
905 1743 1029 1801 autem
1049 1731 1283 1804 consuetudi-

288 1851 349 1920 nis
369 1861 505 1922 nostrae
525 1845 733 1942 quidquam
756 1846 902 1916 iterare.
915 1847 1027 1936 Quod
1053 1849 1083 1920 si
1104 1851 1145 1919 in
1165 1850 1281 1949 Sepul·
1357 1875 1358 1912 i

289 1965 423 2038 chreto
439 1989 518 2034 non
536 1978 631 2035 esset
649 1960 811 2050 factum,
830 1963 877 2034 ad
893 1966 1074 2061 pauciora
1098 1967 1283 2040 rediissent
1357 1983 1358 2056 I

289 2086 366 2156 istae
379 2105 470 2179 quas
480 2080 642 2152 diximus
655 2081 858 2168 sectiones,
875 2106 1036 2177 quarum
1048 2083 1283 2156 nihilominus

290 2201 372 2272 duae
385 2202 513 2297 primae
525 2195 620 2268 adeo
634 2177 767 2268 breves
785 2213 895 2287 sunt,
912 2215 954 2270 ut
969 2201 1080 2273 simul
1091 2227 1178 2273 cum
1193 2203 1283 2275 scho·

288 2319 349 2390 liis
365 2318 426 2386 vix
442 2315 560 2386 ambae
577 2315 759 2412 impleant
780 2341 843 2388 sex
867 2319 1031 2416 paginas.
1054 2323 1231 2394 Praeterea
1250 2323 1280 2390 in

290 2433 445 2530 singulis
458 2430 536 2534 fere
552 2457 634 2530 quae
654 2431 701 2502 ad
721 2433 848 2506 urinas
867 2449 931 2504 aut
949 2435 996 2506 ad
1013 2451 1140 2533 partes
1163 2438 1221 2510 his
1236 2439 1280 2507 in·

289 2551 493 2624 servientes
510 2552 689 2638 attinent,
716 2549 948 2624 sectionibus
974 2577 1053 2626 non
1077 2555 1283 2654 modoque

289 2671 330 2740 in
356 2666 453 2754 aliis,
473 2666 536 2740 sed
564 2681 601 2737 et
628 2689 711 2763 quac
737 2667 777 2737 in
799 2691 875 2741 una
895 2671 1060 2742 sectione
1079 2675 1200 2770 posita
1216 2671 1283 2743 fue·
1356 2755 1357 2766 χ

289 2801 397 2871 rant,
417 2787 455 2856 in
471 2783 600 2856 eadem
620 2787 814 2856 iterantur.
830 2791 875 2858 Et
885 2788 1021 2858 novisti
1032 2789 1109 2884 jam
1129 2817 1173 2862 ex
1189 2793 1282 2862 initio
1356 2811 1357 2870 t

290 2903 527 3002 superiorum
549 2903 758 2974 litterarum
780 2902 859 2998 (a),
880 2920 974 3000 quot
993 2911 1160 2980 sectione
1177 2909 1279 2978 XXIV

288 3019 429 3092 fuerint
445 3019 615 3117 repetita.
641 3023 693 3092 Ea
717 3035 841 3112 autern
870 3048 953 3119 quac,
974 3024 1075 3095 illam
1100 3007 1281 3124 praecedit,

289 3139 455 3212 sectione
470 3139 590 3240 XIIIII
605 3135 715 3211 vide.
739 3162 882 3233 quaes0,
907 3165 955 3210 an
977 3141 1107 3212 eadem
1126 3169 1207 3240 quae
1223 3143 1287 3214 ob*

288 3256 498 3330 servatione
516 3257 622 3341 VIII,
654 3254 713 3344 §1
738 3253 935 3355 leguntur,
955 3257 1127 3356 legantur
1154 3261 1277 3358 partim

288 3371 551 3446 observatione
569 3374 641 3457 IX,
662 3372 799 3468 partim
825 3373 983 3471 iianuae
1007 3375 1098 3448 huic
1127 3379 1277 3473 subjecta

287 3505 376 3563 sunt
396 3488 570 3562 scholiis:
592 3491 757 3560 sectione
776 3491 922 3563 veroin
945 3495 1051 3588 cujus
1068 3506 1276 3593 argumento
1355 3577 1356 3602 ,

287 3607 469 3678 hactenus
484 3621 652 3676 versatus
664 3631 747 3676 sum
763 3611 883 3696 XXV,
897 3634 945 3680 an
961 3609 1060 3683 idem
1079 3613 1180 3710 qnod
1193 3611 1276 3712 posi·
1355 3609 1356 3670 I

283 3765 1269 3799 ⁴—————------.--..................-

326 3886 370 3966 (ι)
390 3873 429 3942 N.
454 3885 592 3954 rtet15.

329 3986 372 4064 (a)
394 3985 487 4060 Epist.
503 3995 557 4058 41,
575 4006 605 4042 n.
624 3997 656 4043 ις
