2740 4670
314 455 387 541 384
482 477 528 524 ur
555 472 700 522 sruruus
725 474 769 520 rr
795 461 919 521 ctusrs
946 473 1155 523 nonnosum

311 589 394 662 nali
408 590 635 685 frequenter
659 591 837 674 cernitur,
858 587 982 683 inquit
1001 587 1259 684 Whartonus(
1278 588 1298 682 J.

312 715 434 805 Usque
449 705 546 776 adeo
565 709 662 775 enim
685 701 843 774 laxatur
864 710 1137 792 mesentert‘urm
1160 722 1204 776 ut
1225 731 1298 803 per·

308 831 433 897 mittat
459 827 670 892 intestinum
705 822 779 890 sibi
814 845 1041 918 appensum,
1080 823 1186 918 quod
1217 829 1299 892 iutro

311 943 473 1014 orbitam
485 963 592 1010 suam
607 961 774 1008 coercere
785 937 984 1025 debuerat,
1014 945 1052 1008 in
1071 955 1236 1015 scrotum
1249 939 1301 1009 de·

311 1058 397 1130 tabt.
416 1056 487 1128 Sed
513 1057 544 1127 is
564 1079 678 1152 quem
704 1056 835 1152 saepius
854 1053 944 1144 tibi,
962 1069 999 1126 et
1028 1058 1165 1128 merito
1180 1057 1300 1142 laudo',

299 1173 522 1246 ·Benevolus
541 1173 594 1268 (a)
612 1172 827 1243 mesenterii
853 1172 1041 1242 laxitatem
1063 1197 1235 1270 semper,
1251 1197 1302 1242 ne·

311 1290 403 1362 dum
425 1292 649 1386 frequenter
684 1313 762 1359 esse
783 1289 838 1357 in·
861 1289 939 1359 istis
968 1287 1131 1377 hemiis,
1151 1289 1303 1386 indeque

311 1409 470 1506 primam
488 1403 623 1476 harum
643 1427 723 1476 esse
751 1405 955 1501 originem,
982 1405 1096 1504 digna
1117 1431 1208 1478 sane
1235 1431 1304 1503 quc

310 1525 457 1622 legatur
468 1522 741 1609 dissertatione,
756 1521 1033 1594 ostendendum
1046 1527 1223 1622 suscepit.
1234 1527 1304 1612 Quo

312 1656 453 1738 spectat
484 1638 695 1710 observatio
734 1641 774 1707 in
810 1640 1015 1710 sectionem
1047 1640 1147 1714 hanc
1186 1640 1302 1738 Sepul·
1364 1645 1365 1650 ’

314 1759 433 1830 chreti
463 1757 517 1853 (3)
546 1757 679 1840 relata,
705 1753 923 1825 Hoffmanni
951 1757 1086 1854 patris,
1118 1759 1219 1829 vires
1242 1781 1303 1828 em·
1364 1773 1365 1798 ¹

312 1877 443 1975 plastri
476 1875 533 1946 sui
558 1874 776 1970 magnetici,
812 1873 951 1945 lumbis
976 1873 1157 1962 adhibiti,
1189 1874 1306 1972 praedi·

314 1995 431 2065 cantis
448 1993 494 2064 ad
514 1989 740 2062 retrahenda
753 2015 798 2060 ex
814 1989 958 2062 herniis
973 1992 1161 2062 intestina.
1182 1996 1267 2083 Quae
1281 1993 1306 2060 si

311 2126 424 2181 tantae
439 2123 542 2195 sunt,
557 2121 704 2204 quantae
721 2106 767 2177 ud
787 2106 1088 2207 pervadendum,
1110 2110 1217 2205 quod
1234 2133 1306 2206 per·

315 2225 465 2298 difficile
485 2239 539 2296 est
553 2225 762 2312 intellectu,
784 2224 1069 2296 crassitudinem
1082 2226 1307 2312 lumborum,

314 2346 392 2414 imo
422 2367 553 2416 eorum
586 2331 777 2413 vertebras
811 2351 848 2412 et
879 2339 1211 2420 corroborandum
1243 2367 1307 2412 me·
1363 2347 1364 2352 ’

315 2462 520 2532 senterium
542 2461 806 2556 requiruntur3
822 2461 957 2547 miror,
983 2476 1051 2531 cur
1071 2459 1174 2532 filius
1189 2461 1253 2532 ubi
1270 2460 1308 2530 de

316 2577 535 2650 herniarum
561 2578 755 2647 curatione
785 2601 863 2650 non
887 2597 964 2647 uno
986 2578 1025 2647 in
1046 2577 1132 2665 loco
1147 2574 1309 2676 scripsit,
1363 2603 1364 2612 ¹

316 2698 459 2769 nullum
479 2698 577 2792 ejus,
598 2694 701 2792 quod
721 2695 979 2782 meminerim,
1009 2695 1205 2792 emplastri
1223 2721 1310 2768 men·
1363 2759 1364 2764 ,

316 2817 458 2886 tionem
475 2810 612 2884 fecerit.
632 2812 746 2906 Cujus
761 2827 886 2884 tamen
906 2835 991 2882 eum
1010 2814 1253 2885 Ettmulierus
1267 2811 1308 2908 (t)

307 2931 517 3004 -coniirmet
541 2930 717 3021 effectum
742 2953 780 3000 se
803 2928 943 3000 vidisse
964 2929 1193 3017 innobilem·
1219 2954 1310 3014 rem,

308 3055 348 3123 -si
369 3037 437 3123 tibi
461 3051 515 3120 sic
532 3047 679 3145 placet,
701 3048 739 3115 in
767 3047 893 3117 medio
913 3047 1146 3142 relinquam,
1171 3073 1312 3146 praeser-

307 3170 385 3238 tim
399 3191 485 3238 cum
497 3164 622 3260 siquis
639 3163 727 3234 velit
752 3163 793 3233 h<
805 3167 956 3234 rniosus
976 3146 1262 3234 corroborantia
1284 3177 1313 3232 et

303 3283 609 3380 adstringentia,
630 3281 784 3370 lumbis,
804 3281 870 3352 ubi
892 3305 929 3353 se
946 3282 1115 3368 annectit
1139 3297 1311 3352 mesente·

305 3397 435 3484 rium,
460 3413 672 3497 apponere,
711 3401 745 3470 ei
775 3397 982 3472 Benevolus
1017 3420 1097 3470 nou
1126 3411 1310 3496 repugnet.
