2726 4676
124 444 192 490 ma.
221 443 279 492 111.
306 444 353 490 DE
378 440 515 490 Molitus
533 440 703 506 terrers,
728 441 838 490 EPIST·
866 442 952 487 XLII.
982 443 1047 514 271

58 561 138 630 sicae
155 561 273 654 ipsius
290 554 460 644 laesione,
481 578 548 624 nec
566 551 645 626 ullo
664 553 812 650 quidem
830 544 975 651 puelloe
997 560 1052 624 in·

58 672 260 744 commoda.
286 677 376 764 Quae
407 698 454 742 ne
481 671 728 744 Moinichenii
760 671 914 767 quidem
940 671 1055 742 verba

58 787 173 864 dicere
197 789 395 876 sinebant,
416 789 535 860 multo
558 803 682 859 autern
703 790 828 863 minus
842 789 1028 860 Molinetti
1040 843 1052 876 ,

59 931 131 978 non
144 907 264 981 modo
282 908 414 1005 quaein
434 907 687 993 extractione,
706 906 771 978 sed
791 921 826 978 et
851 931 932 1002 quae
947 922 1056 978 antea

59 1037 91 1093 et
104 1039 235 1120 postea
244 1025 371 1123 puella
383 1025 527 1110 tulerit,
543 1025 796 1098 memorantis.
815 1024 926 1114 Quod
945 1026 975 1096 si
992 1025 1055 1096 hu·

58 1139 110 1234 jus
133 1141 250 1240 longe
271 1144 396 1214 minus
412 1166 527 1239 quam
549 1165 677 1212 earum
695 1141 742 1212 de
758 1141 898 1238 quibus
911 1167 930 1212 a
943 1141 1055 1216 nobis

60 1241 235 1354 scriptum
254 1274 326 1347 est,
345 1262 465 1332 vesica
484 1257 530 1330 ab
548 1283 616 1328 acu
633 1259 715 1330 laesa
734 1254 821 1345 fuit,
839 1256 995 1330 fortasse
1015 1259 1054 1330 id

60 1375 184 1449 accidit
203 1377 312 1474 quod
326 1401 559 1450 acusmucro
582 1375 723 1446 diutins
742 1400 854 1471 quam
877 1377 916 1445 in
934 1376 1056 1448 vesica

62 1489 94 1560 in
112 1492 269 1566 urethra
283 1492 402 1581 haesit,
415 1508 519 1572 extra
529 1515 642 1588 quam
656 1492 809 1566 demum
822 1507 980 1588 urgente
995 1492 1058 1564 de·

62 1628 164 1704 super
179 1610 317 1684 calculi
334 1609 504 1707 pondere
521 1609 696 1684 detrusus
713 1623 787 1696 est,
811 1625 853 1680 ut
877 1611 1054 1681 Molinet-

61 1735 112 1796 tus
125 1724 280 1798 invenit.

106 1869 157 1916 aa.
189 1848 263 1916 Eas
291 1845 517 1918 calamitates
544 1859 782 1940 mortemque
814 1844 908 1916 adeo
935 1847 1054 1942 ipsam

64 1973 260 2036 antevertet
286 1963 316 2036 is
342 1963 409 2058 qui
433 1963 473 2034 in
492 1975 664 2059 tempore
683 1960 917 2048 admonituS‚
945 1988 1055 2035 acum

66 2067 275 2173 priusquam
288 2078 454 2150 calculus
464 2093 669 2163 accrescat,
686 2103 729 2148 ea
742 2078 960 2150 dexteritate
968 2079 1056 2150 edu·

67 2205 136 2280 cat,
153 2210 195 2266 ut
211 2197 368 2268 minime
392 2195 519 2293 quoad
539 2197 618 2290 ejus
642 2193 724 2266 fieri
747 2197 880 2293 possit,
903 2196 1058 2270 laedatur

67 2311 183 2382 vesica.
199 2314 314 2404 Quod
332 2339 418 2386 cum
432 2311 480 2384 ab
493 2313 574 2384 aliis
589 2313 635 2384 de
657 2311 797 2410 quibus
810 2313 909 2410 apud
929 2315 1058 2388 Vallis·

66 2428 200 2500 nerium
218 2430 295 2528 (r),
310 2448 391 2506 turn
414 2431 619 2528 prasertim
636 2430 683 2502 ab
702 2433 831 2502 amicis
852 2433 943 2504 meis
962 2433 1059 2504 duo·

68 2537 130 2615 bus
144 2543 302 2620 feliciter
318 2549 524 2647 praestitum
540 2563 614 2634 est,
633 2573 729 2644 quos
742 2549 831 2622 alias
845 2550 913 2622 tibi
931 2551 1057 2624 lauda·

69 2659 116 2747 vi,
135 2667 304 2738 Mariano
318 2681 354 2738 et
367 2664 515 2762 Vulpio.
534 2665 621 2752 Ille,
636 2679 677 2734 ut
693 2665 825 2738 litteris
845 2667 992 2763 scripsit
1011 2670 1058 2740 ad

69 2797 121 2848 me
142 2781 238 2854 datis
264 2783 384 2881 pridie
415 2783 498 2856 idus
522 2781 734 2854 decembris
763 2785 852 2853 anni
881 2809 987 2880 1720,
1014 2811 1060 2856 ex

69 2901 191 2989 agresti
204 2901 352 2997 puella,
375 2903 451 2995 jam
473 2900 694 2997 sanguinem
722 2901 932 2998 mingente‚
950 2927 1059 2974 acum

70 3017 215 3106 exenii,
236 3041 321 3090 cum
345 3016 529 3090 industrie
557 3041 602 3086 ex
623 3031 836 3088 transverso
865 3019 990 3114 positu
1020 3021 1060 3090 in

70 3145 203 3206 rectum
221 3115 453 3208 traduxisset.
474 3137 561 3204 Erat
584 3149 709 3204 autem
727 3134 879 3206 crinalis
901 3159 989 3208 acus
1017 3162 1061 3208 ex
1120 3199 1123 3212 ,

72 3266 153 3320 osse.
169 3255 216 3326 At
230 3277 341 3348 quam
355 3277 376 3322 a
388 3251 526 3348 Vulpio
539 3275 583 3320 ex
597 3251 722 3346 puella
739 3251 901 3347 quadarn
917 3251 1062 3324 urbana

74 3379 263 3443 extractam
281 3369 378 3456 vidi,
394 3383 472 3440 erat
491 3391 535 3438 ex
551 3367 753 3440 orichalco.
774 3373 990 3441 Extraxerat
1004 3395 1063 3446 au·

74 3489 279 3584 tem-paucis
293 3503 379 3560 ante
398 3485 646 3558 hebdomadis
660 3510 772 3581 quam
789 3511 880 3558 casa
891 3489 1060 3560 Mariano

76 3602 270 3700 acciperem
291 3605 451 3692 litteraS‚
472 3602 578 3672 nullo
602 3603 674 3672 alio
695 3603 944 3675 instrumento
955 3605 1062 3676 adhi-

79 3810 1056 3842 Μ

113 3973 150 4054 (1)
169 3983 239 4040 Obs.
257 3995 286 4039 et
299 3983 400 4040 adnot.
417 4001 507 4058 supra
522 3982 559 4038 ad
574 4001 602 4035 n.
618 3999 651 4036 21
671 3976 719 4038 cit.
