2810 4668
175 462 244 508 mn.
272 461 329 506 111.
358 458 894 523 nruounisvnnrn1s‚ur1sr.
922 465 1019 512 xnvr.
1050 443 1119 544 575
1156 517 1158 520 .
1203 489 1205 492 -

111 578 252 649 rietum
270 571 558 645 crassitudinem
571 573 694 668 reperi
705 586 783 644 tum
797 572 924 664 fundi,
942 592 1023 649 tum
1040 605 1123 653 cer-

109 695 204 765 vicis
218 692 431 764 tenuiorem
446 715 560 787 quam
582 689 648 760 ubi
667 691 765 762 inea
782 692 921 764 Graafii
933 693 1119 798 figura(1)

110 837 198 910 quae
208 825 360 880 uterum
379 807 532 880 exhibet
546 806 716 898 infantis,
735 809 794 880 die
810 809 855 881 23
873 837 917 883 ex
933 839 1010 910 quo
1022 817 1122 890 edita

109 928 453 1015 fuerat‚1nortuae‚
478 926 696 998 tenuissima
724 927 943 1000 delineatur.
971 935 1052 1022 Qua
1076 959 1121 1006 ex

110 1045 237 1144 figura
256 1069 342 1116 eum
365 1069 407 1114 en
424 1068 539 1141 quam
559 1044 672 1141 paulo
691 1059 777 1116 aute
797 1047 979 1136 indicavi,
1000 1050 1122 1149 longi·

107 1162 247 1236 tudine
267 1175 504 1259 comparata,
531 1157 637 1234 facile
653 1160 861 1259 intelliges,
880 1189 925 1236 ex
943 1189 1020 1262 quo
1037 1193 1123 1238 mu-

108 1282 183 1354 lier
202 1280 248 1352 de
261 1305 335 1377 qua
355 1279 514 1376 loquor,
533 1277 782 1367 immineret,
806 1305 884 1350 non
909 1283 1028 1354 videri
1042 1287 1123 1382 ejus

108 1415 267 1470 uterum
289 1399 470 1485 crevisse,
488 1413 551 1468 aut
568 1398 599 1468 si
618 1397 657 1468 in
679 1397 797 1468 latum
815 1400 931 1470 crevit
947 1425 1126 1499 suprema

108 1533 238 1616 parte,
259 1531 359 1589 certe
384 1516 787 1614 proportionelong'e,
815 1533 928 1614 atque
950 1519 1045 1591 adeo
1062 1525 1122 1592 ni-

106 1637 189 1707 mio
210 1635 333 1708 miuus
351 1635 410 1706 vel
432 1635 472 1704 in
497 1659 611 1731 parva
635 1636 795 1706 muliere
821 1637 981 1708 crevisse
1005 1663 1129 1735 quam.
1198 1656 1199 1660 ’

106 1754 276 1852 reliquas
293 1754 374 1850 ejus
389 1753 561 1850 corporis
579 1768 721 1851 partes,
738 1778 809 1825 noc
826 1749 932 1824 facile
950 1779 1121 1852 unquam

106 1889 350 1946 menstruum
368 1872 587 1969 sauguinem
597 1872 759 1967 ejecisse.
777 1875 959 1942 Caeterum
972 1875 1124 1946 utinen

106 1989 232 2090 figura
255 1989 378 2076 vides,
396 1990 447 2060 ita
468 1989 509 2060 in
537 1990 695 2060 muliere
723 1989 804 2064 hae,
819 2015 974 2088 quoque
1004 1981 1125 2090 duplo

108 2126 192 2204 erat
213 2108 365 2205 longior
394 2107 549 2178 cervicis
581 2131 692 2177 cavea
718 2132 833 2204 quam
859 2105 968 2178 fundi
996 2111 1122 2201 uteri3
1201 2125 1203 2129 “

109 2226 178 2300 sed
194 2228 256 2296 vix
279 2225 351 2298 sub
375 2225 537 2297 obscure
558 2226 663 2326 cerui
681 2226 719 2294 iu
743 2227 900 2296 cervicis
921 2235 1123 2325 ‘'cavea-po-

107 2358 235 2420 terant
252 2342 355 2413 fibrae
370 2343 523 2440 aliquae,
544 2367 670 2438 eaeque
691 2342 875 2412 duntaxat
894 2345 933 2414 in
956 2344 1121 2442 longitu-

109 2463 242 2534 dinem
260 2462 401 2532 ductae:
423 2463 580 2558 ejusque
595 2461 752 2530 interior
766 2458 877 2530 facies
890 2461 993 2550 alba,
1014 2462 1123 2535 fundi

108 2607 158 2653 ex
176 2562 391 2652 subruburo
409 2565 522 2650 fuica.
541 2581 715 2652 Attamen
731 2575 886 2674 Fallopii
900 2578 999 2676 tubae
1016 2595 1123 2660 erant

17 2673 22 2683 ³
109 2699 235 2770 multo
262 2723 378 2796 quam
404 2713 507 2769 tauta
535 2696 633 2768 uteri
659 2697 820 2792 parvitas
844 2692 1008 2784 ferebat,
1024 2699 1121 2768 ¹lou·
1218 2717 1220 2720 ·

109 2817 486 2916 giores‚.oseuloque
516 2816 615 2886 inter
633 2811 800 2884 fimbrias
829 2829 980 2911 aperto:
1003 2841 1122 2911 quau·

109 2957 227 3034 quam
248 2935 402 3006 alterius
424 2931 591 3005 fimbrias
609 2932 792 3020 minimis,
812 2931 961 3020 albidis,
987 2933 1122 3004 subro-

90 3053 240 3126 tundis
255 3053 489 3150 corpusculis
509 3051 643 3138 osseis,
656 3065 719 3120 ant
732 3065 832 3120 certe
850 3049 1046 3147 peredeum,
1060 3077 1121 3124 ex·
1227 3065 1230 3072 '

110 3172 229 3246 terius
264 3195 413 3268 asperas
440 3168 685 3267 deprehendi.
726 3172 771 3238 Iu
797 3169 864 3241 alis
890 3170 1126 3264 vespertilio-v

110 3313 208 3361 num
244 3288 375 3387 plexus
409 3303 487 3360 erat
520 3286 672 3373 nulh1s3
710 3288 818 3356 nervi
852 3302 976 3356 tamen
1016 3289 1124 3360 multi

112 3406 327 3480 secuudum
341 3431 467 3477 earum
479 3404 755 3502 longitudinem
768 3403 1028 3475 decurrebant.
1040 3408 1125 3476 Vin·

112 3526 199 3598 cula
220 3527 351 3597 teretia
370 3525 431 3595 hic
450 3540 579 3594 uterus
603 3523 734 3593 habuit
751 3523 858 3592 valde
878 3525 1015 3594 tenuia.
1034 3529 1123 3597 Lata

111 3660 262 3733 autem,
285 3643 325 3714 id
356 3644 460 3740 quod
487 3667 541 3712 ex.
557 3642 635 3736 ejus
665 3664 778 3739 parva
803 3639 897 3711 adeo
926 3640 1123 3715 latitudine
1217 3723 1219 3730 ,

123 3819 1123 3846 mmm—*nm

157 3931 200 4009 (1)
222 3936 266 3989 De
277 3931 393 3986 mulier.
406 3949 470 4005 urg.
483 3929 543 3986 tab.
556 3937 613 3998 24,
629 3923 679 4004 fig.
698 3934 724 3994 4.
738 3937 842 3983 contra
855 3925 983 3984 litteram
997 3911 1026 3983 G¹
1035 3928 1125 3983 sinis·
1216 4001 1217 4005 Ἰ

114 4047 204 4092 tram.
