2726 4676
299 443 370 520 226
466 467 513 518 nr
539 463 684 517 seorsus
710 463 754 514 er
779 460 902 515 ctutts
927 463 1135 518 nonronun

285 592 420 684 'partes
433 583 641 654 dilatationi
660 579 814 666 cedunt,
841 601 923 677 quae
939 605 1013 652 una
1032 604 1076 654 ex
1090 584 1210 655 causis
1233 595 1301 671 est,

296 729 365 775 cur
393 700 536 773 felicior
563 699 787 796 plerumque
807 698 846 766 in
871 697 964 794 ips'!
990 700 1036 770 sit
1064 698 1301 788 lithotomia;

295 819 384 890 huic
402 834 526 887 tamen
546 816 668 886 vesica
688 828 744 885 est
766 813 862 884 circa
882 815 1063 888 cervicem
1083 813 1298 888 dilacerata.

293 937 375 1008 Huc
393 933 488 1004 adde
506 933 739 1004 vexationem
756 947 830 1001 tam
847 930 1062 1002 diuturnam
1078 947 1115 1004 et
1134 945 1301 1022 tantam,

295 1068 332 1124 et
352 1051 486 1122 calculi
502 1050 673 1136 alterius,
692 1070 806 1144 quem
827 1069 1005 1145 magnum
1020 1046 1132 1120 fuisse
1145 1072 1228 1120 non
1245 1049 1301 1121 le·

294 1170 426 1267 gimus,
440 1161 731 1250 diffractunem,
743 1163 914 1250 minime,
924 1165 953 1234 si
965 1165 1022 1234 via
1034 1165 1121 1236 satis
1132 1161 1297 1263 patefac·

292 1301 332 1358 ta
355 1299 468 1370 essct,
488 1281 640 1352 firrtasse
671 1277 939 1368 necessariam,
965 1281 1045 1352 sinc
1075 1283 1300 1358 necessitate

294 1417 417 1473 autem
437 1421 584 1498 semper
607 1395 839 1494 fugiendam,
857 1416 903 1467 ne
923 1412 986 1468 aut
1011 1395 1159 1496 forceps
1180 1402 1300 1470 inter·

294 1535 460 1618 ceptam,
476 1533 540 1587 aut
551 1515 768 1587 dissilientia
781 1515 1059 1611 circumjectum
1077 1517 1298 1590 interiorem

293 1640 424 1708 vesicae
435 1631 599 1706 mnicam
614 1632 770 1719 laedant,
788 1647 850 1702 aut
865 1631 955 1703 dum
977 1633 1089 1731 longa
1105 1636 1298 1732 ‘perquisi-

292 1758 394 1826 tione
409 1754 635 1851 indagantur
654 1765 690 1820 et
704 1747 992 1847 protrahantur,
1009 1749 1167 1822 ludendi
1186 1775 1297 1824 ocea-

294 1873 437 1944 sionem
461 1867 640 1954 afferant,
668 1881 731 1937 aut
756 1865 918 1964 denique
944 1867 1096 1964 nequod
1124 1870 1294 1966 ipsorum

293 1989 389 2062 forte
408 1990 509 2058 intus
529 1985 725 2065 relictum,
745 2003 843 2054 novo
868 1977 1012 2054 calculo
1031 1984 1181 2056 initium
1201 2009 1295 2083 prac-

291 2105 389 2177 beat.
407 2101 518 2195 Quod
533 2105 563 2173 si
576 2099 785 2173 istiusmodi
801 2099 1006 2173 lithotomo
1018 2103 1173 2199 ejusque
1192 2103 1293 2174 simi-

292 2223 394 2293 libus
407 2218 661 2292 interdixisset
676 2219 940 2316 Hippocrates,
961 2245 1008 2290 ne
1021 2219 1169 2291 calculo
1186 2219 1293 2294 labo-

293 2357 420 2412 rantes
437 2351 625 2422 secarent5
644 2360 720 2404 non
740 2350 839 2406 esset
856 2335 950 2406 adeo
965 2351 1118 2407 venatus
1134 2337 1196 2408 hic
1214 2341 1293 2434 ejus

292 2457 397 2526 locus
417 2480 460 2525 ex
477 2453 604 2524 libello
623 2453 687 2549 qui
694 2450 966 2548 jusjurandum
983 2452 1214 2526 inscribitur.-
1226 2455 1292 2528 tlte

292 2573 437 2645 veroid
460 2571 534 2643 suis
557 2568 753 2668 prohibuit
768 2568 977 2666 discipulis,
997 2571 1291 2669 imperavitque,

292 2705 334 2764 ut
349 2695 439 2763 viret
459 2689 654 2783 chirurgiae
670 2690 852 2783 operariis
869 2688 947 2782 ejus
961 2693 1016 2756 rei
1021 2689 1220 2779 faciendae
1239 2690 1292 2760 lo·

291 2831 374 2881 eum
403 2807 562 2891 darent;
587 2824 680 2874 num
711 2801 815 2901 quod
836 2803 1074 2902 chirurgiam
1108 2805 1292 2878 dedecere

291 2925 479 2996 medicum
501 2922 696 2994 censeret?
712 2922 818 3017 quasi
847 2922 926 3018 ipse
955 2945 1034 2991 non
1058 2937 1154 2994 esset
1174 2922 1290 3020 piuri-

291 3062 395 3138 mum
419 3044 458 3111 in
485 3065 528 3112 ea
552 3038 757 3110 exercenda
782 3041 1044 3110 versatissimi
1070 3065 1118 3112 ne
1139 3040 1289 3112 iliorum

292 3161 359 3258 qui
379 3163 488 3230 unice
516 3168 639 3227 essent
666 3155 705 3224 in
734 3156 966 3254 singularum
995 3158 1158 3254 partium
1190 3177 1288 3231 mor·

289 3271 351 3348 bis
371 3275 549 3349 curandis
570 3273 783 3360 exercitati,
803 3270 1067 3346 obtrectationi
1082 3291 1287 3374 exponeret

284 3417 382 3466 suos
398 3394 413 3464 i
430 3391 630 3464 Crederem
658 3391 689 3460 si
713 3405 846 3486 praeter
872 3389 1116 3462 hunericum
1141 3394 1182 3463 in
1212 3395 1289 3465 aliis

291 3535 445 3608 quoque
483 3525 669 3580 certarum
707 3507 953 3604 quarumdam
989 3511 1152 3605 partium
1190 3512 1287 3582 idem

289 3627 501 3698 faciendum·
537 3626 779 3722 praecepisset.
814 3629 890 3695 Cur
914 3626 1028 3721 igitur
1055 3624 1284 3698 hantunam

290 3745 522 3815 curationem
548 3743 720 3838 excepit?
742 3741 832 3812 Illuc
867 3742 1028 3828 inclinat
1049 3743 1222 3829 animus,
1247 3758 1286 3814 ut

290 3885 373 3932 cum
394 3862 438 3931 iis
455 3861 580 3957 potius
599 3855 775 3928 faciamus
794 3860 860 3955 qui
884 3873 1076 3957 exceptam
1106 3861 1284 3946 creduut,

289 3991 332 4047 ut
351 3976 568 4074 gravissimo
585 3975 683 4044 inter
708 3989 857 4053 ceteras
875 3975 955 4049 illas
981 3977 1152 4074 periculo
1170 3978 1282 4050 ubuo
