2810 4668
339 384 411 474 544
507 409 553 456 nr
578 407 724 458 annisus
748 409 792 456 er
818 407 941 459 crusis
966 411 1174 462 nonnonnn
1248 427 1260 474 ν,

337 519 604 608 seminalibus,
641 535 678 590 et
707 519 753 606 de
782 519 999 610 obcaecalis,
1038 526 1145 621 quod
1177 521 1323 606 walthe-

338 664 405 712 rus
430 638 485 733 (r)
513 639 623 710 etiam
653 636 766 724 vidit,
796 639 948 712 seminis
976 640 1015 710 in
1036 643 1229 716 urethram
1248 650 1323 736 viis,

338 784 438 857 quae,
458 755 636 830 cadavera
661 779 805 843 secans,
834 756 1097 848 animadverti,
1126 761 1324 836 adscribere

340 875 415 948 huc
431 897 600 973 possem,
614 873 688 946 nisi
702 897 788 954 cum
801 872 849 946 de
864 875 944 948 aliis
961 877 1124 964 morbis,
1141 896 1180 950 et
1195 905 1326 978 pimer-

338 993 407 1064 tim
427 991 474 1062 de
496 989 678 1065 virulenta
701 989 915 1087 gonorrhea
941 991 1056 1064 verba
1082 992 1239 1082 faciens,
1263 999 1325 1070 hac

339 1123 465 1182 tecum
483 1109 571 1183 alias
587 1107 641 1204 (α)
658 1109 1005 1186 communicassem.
1021 1111 1081 1182 ob
1094 1113 1325 1212 eamdemque

339 1249 487 1298 causam
508 1227 641 1299 omitto
659 1225 804 1322 qumod
818 1225 982 1306 calculos
998 1229 1159 1312 attinent
1170 1247 1327 1328 prostata

339 1333 1326 1442 glandulae,'semiiricxitnminteccludentes.Haecenim
1384 1375 1386 1390 ·

335 1461 495 1560 epistola
507 1460 671 1540 habuisti
683 1464 784 1540 XLII,
797 1460 863 1556 (3).
918 1534 922 1544 ,
1005 1533 1035 1544 ..

236 1571 238 1578 ’
389 1579 420 1650 8.
440 1583 496 1648 De
511 1603 648 1676 niagno
667 1578 984 1674 pariternrethrae
994 1581 1105 1668 yitio,
1118 1583 1231 1678 quod
1245 1608 1327 1656 anno

342 1697 434 1800 1718
445 1697 483 1766 in
499 1697 638 1778 rustico
654 1696 792 1790 juvene
809 1695 896 1766 cum
914 1696 981 1769 cel.
1003 1697 1148 1796 collega
1161 1701 1326 1774 Vallisne·
1385 1709 1386 1766 Ξ

337 1818 396 1888 rio
416 1815 639 1900 examinavi,
656 1811 719 1884 hic
739 1811 857 1887 fusius
865 1813 1097 1904 scriberem,
1110 1817 1185 1889 nisi
1199 1819 1263 1890 ille
1277 1835 1329 1902 ter·

337 1935 390 2004 tio
403 1932 536 2005 exinde
548 1957 650 2002 anno
661 1931 736 2027 (4),
750 1933 962 2035 iterumqne
973 1933 1148 2012 omnium
1165 1937 1327 2034 ejusope·

336 2075 422 2122 rum
438 2049 600 2122 editores
615 2048 672 2145 (5)
684 2049 907 2146 vulgassent.
922 2053 1052 2146 Itaque
1069 2054 1261 2126 nonnulla
1272 2071 1329 2125 tan

337 2184 418 2240 tum
442 2166 624 2261 adjiciam.
648 2172 742 2238 Cum
767 2182 934 2241 seronem
955 2193 1033 2238 non
1055 2172 1212 2265 penitus
1238 2188 1329 2258 esset,

242 2260 247 2274 ⁵
337 2285 403 2357 sed
422 2285 588 2356 anterius
605 2283 726 2356 solum
740 2287 800 2371 ,in
812 2285 906 2358 dilas'
916 2301 1041 2382 partes
1058 2285 1330 2381 divisum,ioter

336 2404 533 2502 utriusque
554 2403 749 2498 superiora
768 2400 955 2476 orificium
970 2401 1083 2478 luisse
1104 2407 1249 2479 canalis
1260 2432 1329 2478 ure
1384 2407 1385 2414 ’

336 2520 447 2621 three,
474 2517 561 2590 inde
586 2543 676 2590 vero
704 2520 755 2592 ad
783 2521 928 2616 apicem
964 2545 1094 2618 usque,
1110 2523 1262 2619 glandis
1277 2548 1329 2622 per

333 2653 450 2712 totam
478 2634 832 2734 inleriorompenis
858 2634 1012 2726 faciem,
1031 2639 1104 2734 qni
1124 2641 1330 2712 mulceant
1384 2655 1385 2664 ¹

331 2754 486 2828 brevior
513 2777 626 2850 quam
653 2754 693 2823 iu
715 2753 824 2827 icone
852 2753 906 2850 (fl)
932 2772 1244 2852 repraesentatur,
1266 2783 1327 2828 non

329 2873 406 2968 jam
421 2870 610 2954 canalem,
630 2867 695 2940 sed
711 2871 973 2960 semicanalem
990 2875 1222 2968 perrexisse,
1235 2875 1272 2946 id
1287 2889 1327 2946 est

332 2983 496 3088 urelhrae
513 2989 693 3082 parietem
711 2985 890 3092 duntapat
907 2990 1163 3088 superiorem,
1179 3017 1326 3090 eumque

331 3107 478 3192 laevem,
498 3119 534 3176 ct
555 3103 740 3191 nitidum
761 3119 803 3176 ut
825 3106 936 3202 paulo
954 3107 1255 3184 minus.diffieile
1269 3135 1327 3180 cre·

433 3452 514 3506 Loco
527 3448 618 3504 modo
632 3446 723 3509 indic.

434 3548 530 3624 Epist.
546 3555 601 3614 44,
616 3566 646 3600 n.
661 3565 694 3615 7,
712 3557 742 3600 et
755 3546 848 3618 Epist.
863 3552 914 3617 lo,
932 3568 961 3603 n.
977 3567 1025 3622 ²9·

432 3649 472 3704 N.
495 3647 542 3717 37.

430 3747 505 3821 Eph.
518 3747 557 3802 N.
572 3748 605 3802 C.
621 3754 698 3802 cent.
713 3745 827 3818 9,'ohs.
843 3763 890 3816 7²·

432 3849 517 3903 Tom.
534 3845 570 3914 3,
585 3864 615 3918 p.
632 3845 665 3914 3,
680 3861 710 3916 n.
725 3843 771 3898 28.

431 3947 514 4004 Ceut.
534 3945 584 4001 cit.
600 3945 659 4000 tab.
678 3963 710 4014 a,
725 3942 773 4022 fig.
789 3963 814 4002 ι.
