2740 4670
301 439 370 514 322
460 456 506 506 na
532 455 678 506 sumtus
703 455 747 502 ar
772 453 896 504 causis
922 455 1132 506 noanonuu

298 571 453 648 nomine
466 572 590 670 ipsum
607 567 828 657 consulens,
848 570 947 642 inter
964 585 1097 644 caetera
1117 571 1193 646 hec
1212 596 1294 671 quo-

299 717 375 792 que
393 692 609 788 scripserat,
627 687 785 786 dignum
803 688 906 785 qnod
927 687 1081 762 hicnon
1100 694 1292 780 omittatur,

299 841 316 878 a
332 789 526 886 memoria
536 831 574 880 se
597 822 725 878 tencre
737 859 747 894 ‚
761 805 1055 904 deprehendisse
1080 809 1241 908 lapidem
1260 813 1291 882 in

273 993 275 996 .
296 961 313 996 a
328 941 491 1026 prostata
509 923 708 1022 glandula,
726 922 815 994 dum
840 922 997 996 cadaver
1017 923 1201 999 incideret
1217 929 1292 1000 emi-

295 1078 313 1114 »
328 1043 539 1117 nentissimi
549 1040 762 1114 ¹cardinalis
773 1042 933 1139 Morigii.
944 1069 962 1106 a
973 1041 1121 1116 Scilicet
1135 1043 1198 1117 hic
1208 1070 1290 1116 mor

295 1163 369 1236 bus
394 1177 449 1234 est
475 1160 520 1231 de
546 1183 623 1258 quo
650 1161 725 1257 egit
747 1163 802 1228 in.
830 1157 1128 1258 Christophorus
1152 1163 1307 1234 Pohlius·

214 1320 216 1324 ·
296 1305 383 1352 cum
406 1278 536 1377 Lipsiae
553 1299 654 1348 anno
680 1275 795 1373 1737,
819 1274 1120 1348 dissertationem
1142 1280 1292 1379 vulgarit

295 1398 343 1470 de
354 1402 536 1469 Prostatt's
556 1394 700 1466 calcqu
718 1395 885 1484 affictis,
904 1393 1084 1466 laudabili
1105 1419 1196 1468 sane
1213 1421 1290 1468 cou-

295 1517 378 1588 silio
394 1513 571 1592 morbtnn
587 1511 822 1597 examinans,
839 1533 860 1582 a
876 1535 952 1608 quo
963 1527 1098 1610 praeter
1109 1512 1289 1612 dysun'am

297 1650 333 1706 et
352 1632 506 1706 crebros
522 1630 569 1702 ad
587 1627 806 1701 meiendum
821 1629 1013 1720 stimulos,
1032 1630 1103 1702 alia
1116 1633 1208 1703 oriri
1217 1655 1291 1730 pos-

232 1837 235 1844 ,
295 1767 382 1826 sunt
396 1745 659 1836 incommoda,
674 1747 765 1818 etin
783 1744 841 1818 his
859 1745 1009 1819 dolores
1025 1748 1101 1819 sive
1122 1748 1170 1820 ad
1194 1747 1290 1822 affec·
1360 1765 1361 1814 t

291 1885 372 1943 tum
386 1870 537 1952 locum,
557 1867 632 1938 sive
650 1865 761 1936 etiam
777 1861 932 1936 aretina
950 1879 1048 1951 tota3
1068 1867 1212 1966 quippe
1231 1863 1287 1938 ad.

292 2010 423 2060 versus
444 1986 562 2056 urinae
583 1981 848 2068 acrimoniam,
874 1980 926 2052 ob
944 1982 1184 2055 imminutam
1205 1983 1287 2054 obli·

292 2103 431 2178 nientis
456 2101 628 2173 humoris
663 2111 837 2196 prostatae
863 2099 1010 2197 copiam
1039 2114 1104 2171 aut
1135 2101 1286 2172 vitiatam

293 2236 480 2307 naturam,
499 2241 577 2288 non
607 2217 693 2290 satis
724 2217 880 2294 munita.
908 2206 1125 2316 'optandum
1149 2215 1287 2304 fuisset,

294 2353 338 2410 ut
355 2361 467 2411 senex
486 2335 636 2432 bajulus
654 2335 693 2403 in
712 2357 790 2430 quo
807 2331 968 2406 ¹Pohlius
980 2357 1045 2407 eos
1062 2335 1225 2408 calculos
1244 2336 1287 2404 in·

292 2455 416 2542 venit,
436 2452 562 2524 nullos
580 2451 619 2522 in
639 2448 810 2538 renibus,
833 2451 909 2521 imo
926 2449 997 2522 hos
1009 2451 1223 2525 sanissimos
1232 2450 1286 2522 ha·

258 2603 259 2606 ¹
291 2571 451 2658 buisset,
472 2593 543 2642 nec
563 2592 674 2667 supra
698 2565 913 2665 glandulam
937 2573 1142 2667 prostatam
1163 2572 1201 2641 in
1217 2571 1284 2666 ipsa

292 2687 419 2764 infima
434 2690 555 2760 vesica
574 2684 676 2756 haud
694 2686 815 2764 levem
827 2682 1133 2758 inflammationis
1149 2702 1282 2771 notam,
1359 2767 1360 2776 ἵ

290 2808 493 2908 praesertim
509 2826 600 2875 vero
619 2829 668 2874 ne
688 2803 787 2872 eirca
812 2827 898 2873 eum
929 2803 1056 2878 locum
1083 2821 1230 2892 tumor,
1247 2825 1284 2873 ex
1359 2785 1360 2848 Ῑ

291 2925 353 2998 illa
375 2926 454 3022 ipsa
483 2919 657 3020 glandula
683 2933 811 3006 ortus,
841 2919 944 2990 intus
968 2920 1153 2994 emineret
1180 2919 1282 2992 cerasi

290 3038 567 3139 magnitudine,
582 3035 752 3124 skirrho,
768 3037 840 3107 nisi
854 3060 948 3133 pure
966 3053 1141 3126 scateret,
1155 3036 1280 3111 similis.

289 3159 477 3233 Nimirum
494 3156 598 3254 signa
617 3177 701 3250 qum
719 3153 906 3226 sulertera
924 3157 1063 3234 mortui
1079 3154 1280 3228 amiciscol·

289 3278 380 3374 legit
393 3273 567 3360 Pohlius,
594 3270 767 3343 dubitare
787 3271 874 3342 licet
892 3295 985 3344 num
1005 3251 1135 3346 omnia
1155 3275 1199 3346 iis
1221 3291 1280 3370 po·

289 3395 475 3467 tissimum
494 3391 645 3462 calculis
665 3387 896 3459 deberentur
913 3414 920 3457 :
937 3405 979 3460 ut
994 3391 1078 3486 jure
1100 3415 1142 3464 ac
1160 3390 1278 3461 merito

289 3503 501 3596 dubitares,
520 3509 550 3579 si
562 3506 731 3604 quaedam
746 3520 1039 3603 symptomata,a
1053 3529 1113 3578 me
1125 3501 1276 3605 snpra(1')

233 3641 236 3650 ¹
288 3629 329 3700 in
348 3628 517 3700 Cortinio
537 3624 746 3728 descripta,
763 3621 811 3694 ad
828 3637 1023 3712 tartarum
1041 3625 1145 3696 illam
1164 3639 1198 3695 et
1214 3619 1276 3693 ier·

325 3995 368 4075 (t)
390 4001 426 4054 n.
454 3998 498 4053 13.
