2726 4676
149 499 220 546 mn.
252 491 307 548 111.
337 501 382 546 nn
409 499 871 562 Monuisvnurn1s,nr1su.
898 501 986 548 nuu.
1016 477 1122 576 ²9³.

78 625 158 686 tum
169 603 284 684 nucis
284 611 487 710 juglandis
508 620 691 701 crassitie,
712 620 838 712 inquo
857 613 978 701 medio
997 641 1098 687 aaut·

77 738 114 802 ei
125 730 254 829 plane
268 757 345 829 qua
361 747 505 802 sutores
522 755 628 802 suere
643 713 782 819 solent,
808 730 937 802 similis
953 731 1093 830 depae*

77 863 118 918 ta
141 850 350 946 visebatur.
372 851 515 920 Verum
543 850 573 920 si
596 850 694 920 intra
711 848 896 920 calculum
914 849 1087 939 condita,

75 964 234 1036 brevior
263 981 341 1036 erat
367 991 481 1064 quam
505 981 633 1039 nostra
653 995 659 1037 :
679 969 709 1039 si
729 992 748 1037 e
769 967 914 1038 calculo
944 967 1088 1064 promi-

77 1107 197 1171 nens,
219 1107 294 1180 qua
324 1098 450 1156 tamen
480 1099 576 1161 esset
598 1071 836 1183 longitudine
857 1087 1086 1184 ignoramus,

76 1199 268 1272 Utrolibet
282 1216 404 1272 autem
423 1203 567 1275 ratione
580 1199 715 1292 fuerit3
732 1202 909 1274 nonnihil
926 1201 1020 1274 flexa
1031 1227 1086 1274 es·

77 1335 129 1390 set
142 1343 193 1389 an
212 1334 338 1405 recta,
356 1319 396 1389 iu
421 1321 552 1418 primis
572 1343 664 1391 vero
688 1345 781 1390 num
801 1345 871 1418 per
890 1319 1086 1392 uretbram

77 1435 278 1525 subiisset,
304 1444 508 1508 nescimus.
536 1436 624 1508 Aliae
648 1438 749 1508 enim
774 1461 854 1510 esse
879 1452 1088 1535 potueruut

75 1555 138 1625 viae
157 1556 248 1626 acui
264 1556 469 1652 praesertim
485 1579 563 1626 nou
582 1555 763 1654 capitatae,
780 1577 849 1654 per
865 1557 1012 1653 quasin
1026 1580 1087 1628 ve·

78 1673 190 1744 sicam
209 1671 397 1744 transiret.
427 1674 486 1744 Sic
514 1697 623 1744 acum
645 1671 820 1761 similem,
837 1672 868 1743 si
896 1687 997 1742 recte
1014 1695 1087 1742 me-

76 1791 188 1878 mini,
208 1787 287 1861 tab.
308 1789 355 1862 30
370 1815 390 1861 a
407 1791 451 1862 cl.
470 1789 705 1863 Cbeseldeno
719 1787 774 1886 (ι)
787 1786 1008 1877 exhibitam,
1022 1789 1089 1859 cir·
1144 1861 1148 1868 ,

79 1930 117 1977 ca
132 1903 252 2005 quam
274 1924 485 1980 accreverat
505 1908 670 1980 calculus
685 1934 705 1980 e
726 1907 835 2006 pueri
849 1907 971 1978 vesica
988 1907 1086 1977 exci-

78 2049 154 2114 sus,
182 2025 425 2099 doctissimus
447 2028 506 2098 vir
529 2025 699 2098 Meadius
721 2026 867 2098 censuit
892 2047 960 2122 per
987 2022 1090 2120 peri-

79 2168 201 2214 naeum
220 2143 402 2217 subiisse:
420 2159 457 2217 et
472 2144 720 2219 Vallisnerius
734 2144 790 2241 (a)
806 2140 1087 2243 suspicabatur,

81 2261 339 2334 ramusculum
357 2277 466 2334 certae
484 2261 677 2358 cujusdam
700 2253 835 2360 planta
854 2285 969 2358 quem
988 2259 1087 2330 intra

80 2379 266 2452 calculum
296 2382 426 2453 vesicae
454 2405 633 2480 aprugnae
669 2377 988 2480 deprehenderat,
1017 2400 1092 2475 per·

79 2497 215 2570 vulnus
240 2496 286 2568 ab
306 2513 416 2570 acuto
435 2498 561 2597 aliquo
583 2497 758 2596 duroque
785 2495 893 2569 densi
920 2494 1092 2566 nemoris

79 2638 182 2685 ramo
213 2613 410 2688 abdomini
433 2617 620 2689 currentis
650 2617 731 2713 apri
758 2613 970 2694 inflictum,
995 2612 1084 2684 illuc

79 2732 317 2830 pervenisse:
336 2757 412 2831 qua
440 2735 587 2807 ratione
614 2759 706 2805 num
735 2730 837 2803 aliud
863 2731 1002 2828 pariter
1025 2730 1091 2826 lig-

79 2875 209 2922 rosum
222 2849 416 2948 quoddam
426 2848 686 2951 corpusculum
696 2851 794 2921 intra
807 2848 993 2918 calculum
1005 2869 1083 2919 esse

80 2970 247 3065 potuerit
263 2971 329 3067 qui
346 2969 383 3041 in
402 2970 479 3042 suis
492 2967 689 3040 domestici
706 2968 828 3039 vesica
845 2967 1022 3036 inventus
1034 2963 1092 3035 ds

82 3084 264 3180 murts),
282 3087 361 3184 ipse
386 3085 624 3158 existimabis.
654 3089 771 3156 Porro
796 3099 833 3154 et
861 3081 977 3152 altera
1002 3081 1088 3152 acui

84 3225 159 3274 esse
182 3204 307 3302 potuit
325 3205 402 3292 via,
431 3203 493 3274 illa
509 3202 684 3276 videlicet
702 3228 723 3274 a
743 3197 946 3272 Benedicto
966 3223 1012 3270 ex
1029 3199 1089 3268 in·

85 3320 226 3392 testinis
245 3321 283 3390 in
302 3320 462 3392 vesicam
482 3321 698 3421 proposita,
718 3343 833 3418 quam
853 3317 922 3393 etsi
939 3340 1017 3387 non
1035 3311 1091 3386 sa*

86 3435 153 3510 tile
170 3437 443 3510 admittendam
461 3463 540 3512 esse
558 3439 777 3537 scripsimus
796 3459 906 3533 supra
921 3434 1087 3532 (imon

91 3609 1094 3639 ww

142 3733 169 3814 1)
189 3733 252 3796 The
266 3748 345 3798 auat.
359 3739 394 3797 oi
401 3735 450 3796 the
461 3697 542 3796 hum.
558 3740 651 3817 body.

140 3837 170 3914 a)
190 3838 306 3913 Opere,
320 3849 392 3895 tom.
409 3858 436 3910 1,
447 3858 477 3916 p.
492 3839 511 3896 6
524 3839 602 3897 della
613 3843 732 3896 Lattara
744 3839 773 3893 al
787 3838 903 3913 Giorgi.

141 3933 169 4014 3)
191 3939 266 4013 Eph.
283 3939 322 3997 N.
336 3940 369 3999 C.
383 3950 460 4000 cent.
476 3961 508 4014 7,
526 3940 590 3997 obs.
605 3957 620 4013 7
636 3957 704 3998 cum
715 3937 842 3996 scholio.

130 4033 172 4115 (t)
191 4038 230 4099 Ν·
252 4055 300 4110 27·
