<?xml version="1.0" encoding="UTF-8"?>
<!DOCTYPE html PUBLIC "-//W3C//DTD XHTML 1.0 Transitional//EN"
    "http://www.w3.org/TR/xhtml1/DTD/xhtml1-transitional.dtd">
<html xmlns="http://www.w3.org/1999/xhtml" xml:lang="en" lang="en">
 <head>
  <title>
</title>
<meta http-equiv="Content-Type" content="text/html;charset=utf-8" />
  <meta name='ocr-system' content='tesseract 3.04.00' />
  <meta name='ocr-capabilities' content='ocr_page ocr_carea ocr_par ocr_line ocrx_word'/>
</head>
<body>
  <div class='ocr_page' id='page_1' title='image "./desedibusetcaus05adelgoog_0307.png"; bbox 0 0 2726 4676; ppageno 0'>
   <div class='ocr_carea' id='block_1_1' title="bbox 312 397 1145 470">
    <p class='ocr_par' dir='ltr' id='par_1_1' title="bbox 312 397 1145 470">
     <span class='ocr_line' id='line_1_1' title="bbox 312 397 1145 470; baseline -0.004 0"><span class='ocrx_word' id='word_1_1' title='bbox 312 397 382 470; x_wconf 79' lang='lat'><strong>302</strong></span> <span class='ocrx_word' id='word_1_2' title='bbox 475 421 521 466; x_wconf 79' lang='lat' dir='ltr'><strong>uu</strong></span> <span class='ocrx_word' id='word_1_3' title='bbox 548 417 694 466; x_wconf 76' lang='lat' dir='ltr'><strong>sumnus</strong></span> <span class='ocrx_word' id='word_1_4' title='bbox 719 419 762 465; x_wconf 80' lang='lat' dir='ltr'><strong>nr</strong></span> <span class='ocrx_word' id='word_1_5' title='bbox 789 417 911 466; x_wconf 73' lang='lat' dir='ltr'><strong>cnosts</strong></span> <span class='ocrx_word' id='word_1_6' title='bbox 938 415 1145 467; x_wconf 73' lang='lat' dir='ltr'><strong>uonronuu</strong></span> 
     </span>
    </p>
   </div>
   <div class='ocr_carea' id='block_1_2' title="bbox 301 532 1301 1338">
    <p class='ocr_par' dir='ltr' id='par_1_2' title="bbox 301 532 1301 1338">
     <span class='ocr_line' id='line_1_2' title="bbox 301 532 1301 637; baseline 0.004 -33"><span class='ocrx_word' id='word_1_7' title='bbox 301 539 471 637; x_wconf 79' lang='lat' dir='ltr'><strong>propriis</strong></span> <span class='ocrx_word' id='word_1_8' title='bbox 486 539 618 604; x_wconf 83' lang='lat' dir='ltr'><strong>tunicis</strong></span> <span class='ocrx_word' id='word_1_9' title='bbox 632 532 813 618; x_wconf 72' lang='lat' dir='ltr'><strong>inclusoS,</strong></span> <span class='ocrx_word' id='word_1_10' title='bbox 827 548 868 604; x_wconf 81' lang='lat' dir='ltr'><strong>et</strong></span> <span class='ocrx_word' id='word_1_11' title='bbox 883 538 1035 606; x_wconf 78' lang='lat' dir='ltr'><strong>t&#39;nvicem</strong></span> <span class='ocrx_word' id='word_1_12' title='bbox 1054 541 1232 631; x_wconf 78' lang='lat' dir='ltr'><strong>contiguos</strong></span> <span class='ocrx_word' id='word_1_13' title='bbox 1242 591 1252 623; x_wconf 93' lang='lat'><strong>,</strong></span> <span class='ocrx_word' id='word_1_14' title='bbox 1262 553 1301 608; x_wconf 87' lang='lat' dir='ltr'><strong>ut</strong></span> 
     </span>
     <span class='ocr_line' id='line_1_3' title="bbox 308 651 1300 748; baseline 0.002 -24"><span class='ocrx_word' id='word_1_15' title='bbox 308 651 417 724; x_wconf 80' lang='lat' dir='ltr'><strong>houd</strong></span> <span class='ocrx_word' id='word_1_16' title='bbox 433 651 543 722; x_wconf 86' lang='lat' dir='ltr'><strong>aliter</strong></span> <span class='ocrx_word' id='word_1_17' title='bbox 557 675 673 748; x_wconf 83' lang='lat' dir='ltr'><strong>quom</strong></span> <span class='ocrx_word' id='word_1_18' title='bbox 688 656 831 748; x_wconf 81' lang='lat' dir='ltr'><strong>apesin</strong></span> <span class='ocrx_word' id='word_1_19' title='bbox 852 656 928 724; x_wconf 80' lang='lat' dir='ltr'><strong>suis</strong></span> <span class='ocrx_word' id='word_1_20' title='bbox 944 652 1150 724; x_wconf 70' lang='lat' dir='ltr'><strong>cavernulis</strong></span> <span class='ocrx_word' id='word_1_21' title='bbox 1156 655 1300 744; x_wconf 81' lang='lat' dir='ltr'><strong>fovum,</strong></span> 
     </span>
     <span class='ocr_line' id='line_1_4' title="bbox 307 769 1300 868; baseline 0.002 -26"><span class='ocrx_word' id='word_1_22' title='bbox 307 777 364 842; x_wconf 76' lang='lat' dir='ltr'><strong>sio</strong></span> <span class='ocrx_word' id='word_1_23' title='bbox 377 775 440 841; x_wconf 82' lang='lat' dir='ltr'><strong>isti</strong></span> <span class='ocrx_word' id='word_1_24' title='bbox 462 769 599 840; x_wconf 84' lang='lat' dir='ltr'><strong>calculi</strong></span> <span class='ocrx_word' id='word_1_25' title='bbox 628 775 666 837; x_wconf 80' lang='lat' dir='ltr'><strong>in</strong></span> <span class='ocrx_word' id='word_1_26' title='bbox 695 774 771 840; x_wconf 67' lang='lat' dir='ltr'><strong>suls</strong></span> <span class='ocrx_word' id='word_1_27' title='bbox 805 775 960 868; x_wconf 80' lang='lat' dir='ltr'><strong>quisque</strong></span> <span class='ocrx_word' id='word_1_28' title='bbox 985 769 1163 858; x_wconf 80' lang='lat' dir='ltr'><em>alveolis,</em></span> <span class='ocrx_word' id='word_1_29' title='bbox 1194 786 1300 844; x_wconf 85' lang='lat' dir='ltr'><strong>totam</strong></span> 
     </span>
     <span class='ocr_line' id='line_1_5' title="bbox 306 885 1299 984; baseline 0.001 -24"><span class='ocrx_word' id='word_1_30' title='bbox 306 893 444 960; x_wconf 74' lang='lat' dir='ltr'><strong>vesicae</strong></span> <span class='ocrx_word' id='word_1_31' title='bbox 455 893 650 958; x_wconf 80' lang='lat' dir='ltr'><em>cavitatem</em></span> <span class='ocrx_word' id='word_1_32' title='bbox 661 885 864 984; x_wconf 80' lang='lat' dir='ltr'><em>replerent,</em></span> <span class='ocrx_word' id='word_1_33' title='bbox 877 893 1013 984; x_wconf 80' lang='lat' dir='ltr'><strong>exiguo</strong></span> <span class='ocrx_word' id='word_1_34' title='bbox 1027 903 1174 959; x_wconf 83' lang='lat' dir='ltr'><strong>tantum</strong></span> <span class='ocrx_word' id='word_1_35' title='bbox 1187 906 1299 961; x_wconf 73' lang='lat' dir='ltr'><strong>nteotu</strong></span> 
     </span>
     <span class='ocr_line' id='line_1_6' title="bbox 306 1001 1298 1100; baseline 0 -22"><span class='ocrx_word' id='word_1_36' title='bbox 306 1010 427 1078; x_wconf 82' lang='lat' dir='ltr'><strong>urinae</strong></span> <span class='ocrx_word' id='word_1_37' title='bbox 445 1001 584 1074; x_wconf 81' lang='lat' dir='ltr'><strong>relicto.</strong></span> <span class='ocrx_word' id='word_1_38' title='bbox 605 1005 704 1074; x_wconf 89' lang='lat' dir='ltr'><strong>Num</strong></span> <span class='ocrx_word' id='word_1_39' title='bbox 723 1027 813 1100; x_wconf 85' lang='lat' dir='ltr'><strong>crgo</strong></span> <span class='ocrx_word' id='word_1_40' title='bbox 839 1002 879 1072; x_wconf 92' lang='lat' dir='ltr'><strong>hi</strong></span> <span class='ocrx_word' id='word_1_41' title='bbox 909 1029 1042 1077; x_wconf 84' lang='lat' dir='ltr'><strong>omues</strong></span> <span class='ocrx_word' id='word_1_42' title='bbox 1067 1003 1165 1076; x_wconf 78' lang='lat' dir='ltr'><strong>infra</strong></span> <span class='ocrx_word' id='word_1_43' title='bbox 1185 1007 1298 1078; x_wconf 81' lang='lat' dir='ltr'><strong>oscula</strong></span> 
     </span>
     <span class='ocr_line' id='line_1_7' title="bbox 306 1118 1299 1221; baseline 0.001 -29"><span class='ocrx_word' id='word_1_44' title='bbox 306 1136 500 1202; x_wconf 86' lang='lat' dir='ltr'><strong>ureterum</strong></span> <span class='ocrx_word' id='word_1_45' title='bbox 528 1118 829 1192; x_wconf 83' lang='lat' dir='ltr'><strong>condebantur?</strong></span> <span class='ocrx_word' id='word_1_46' title='bbox 857 1125 901 1193; x_wconf 89' lang='lat' dir='ltr'><strong>Et</strong></span> <span class='ocrx_word' id='word_1_47' title='bbox 934 1122 1029 1193; x_wconf 81' lang='lat' dir='ltr'><strong>mihi</strong></span> <span class='ocrx_word' id='word_1_48' title='bbox 1064 1122 1217 1221; x_wconf 87' lang='lat' dir='ltr'><strong>quidem</strong></span> <span class='ocrx_word' id='word_1_49' title='bbox 1240 1125 1299 1194; x_wconf 83' lang='lat' dir='ltr'><strong>ali·</strong></span> 
     </span>
     <span class='ocr_line' id='line_1_8' title="bbox 304 1239 1298 1338; baseline 0.001 -28"><span class='ocrx_word' id='word_1_50' title='bbox 304 1239 462 1337; x_wconf 81' lang='lat' dir='ltr'><strong>quando</strong></span> <span class='ocrx_word' id='word_1_51' title='bbox 486 1239 589 1312; x_wconf 82' lang='lat' dir='ltr'><strong>venit</strong></span> <span class='ocrx_word' id='word_1_52' title='bbox 617 1240 656 1309; x_wconf 85' lang='lat' dir='ltr'><strong>in</strong></span> <span class='ocrx_word' id='word_1_53' title='bbox 689 1253 879 1328; x_wconf 87' lang='lat' dir='ltr'><strong>mentem,</strong></span> <span class='ocrx_word' id='word_1_54' title='bbox 914 1254 957 1310; x_wconf 90' lang='lat' dir='ltr'><strong>ut</strong></span> <span class='ocrx_word' id='word_1_55' title='bbox 987 1241 1298 1338; x_wconf 81' lang='lat' dir='ltr'><strong>quemadmodum</strong></span> 
     </span>
    </p>
   </div>
   <div class='ocr_carea' id='block_1_3' title="bbox 304 1354 1300 1454">
    <p class='ocr_par' dir='ltr' id='par_1_3' title="bbox 304 1354 1300 1454">
     <span class='ocr_line' id='line_1_9' title="bbox 304 1354 1300 1454; baseline 0 -26"><span class='ocrx_word' id='word_1_56' title='bbox 304 1358 404 1430; x_wconf 79' lang='lat' dir='ltr'><strong>intra</strong></span> <span class='ocrx_word' id='word_1_57' title='bbox 421 1354 535 1428; x_wconf 80' lang='lat' dir='ltr'><strong>felleae</strong></span> <span class='ocrx_word' id='word_1_58' title='bbox 547 1357 675 1427; x_wconf 80' lang='lat' dir='ltr'><strong>vesicae</strong></span> <span class='ocrx_word' id='word_1_59' title='bbox 694 1355 890 1454; x_wconf 82' lang='lat' dir='ltr'><strong>glandulas</strong></span> <span class='ocrx_word' id='word_1_60' title='bbox 906 1355 1061 1430; x_wconf 83' lang='lat' dir='ltr'><strong>hilarios</strong></span> <span class='ocrx_word' id='word_1_61' title='bbox 1080 1359 1241 1430; x_wconf 87' lang='lat' dir='ltr'><strong>calculos</strong></span> <span class='ocrx_word' id='word_1_62' title='bbox 1253 1361 1300 1428; x_wconf 84' lang='lat' dir='ltr'><strong>in·</strong></span> 
     </span>
    </p>
   </div>
   <div class='ocr_carea' id='block_1_4' title="bbox 303 1474 1297 1692">
    <p class='ocr_par' dir='ltr' id='par_1_4' title="bbox 303 1474 1297 1692">
     <span class='ocr_line' id='line_1_10' title="bbox 303 1474 1296 1575; baseline 0.003 -30"><span class='ocrx_word' id='word_1_63' title='bbox 303 1474 534 1571; x_wconf 85' lang='lat' dir='ltr'><strong>veni(1),ita</strong></span> <span class='ocrx_word' id='word_1_64' title='bbox 549 1475 780 1572; x_wconf 88' lang='lat' dir='ltr'><strong>suspicarer,</strong></span> <span class='ocrx_word' id='word_1_65' title='bbox 803 1499 897 1546; x_wconf 86' lang='lat' dir='ltr'><strong>num</strong></span> <span class='ocrx_word' id='word_1_66' title='bbox 918 1474 1014 1548; x_wconf 84' lang='lat' dir='ltr'><strong>forte</strong></span> <span class='ocrx_word' id='word_1_67' title='bbox 1030 1499 1098 1574; x_wconf 86' lang='lat' dir='ltr'><strong>per</strong></span> <span class='ocrx_word' id='word_1_68' title='bbox 1119 1477 1296 1575; x_wconf 80' lang='lat' dir='ltr'><strong>glandula·</strong></span> 
     </span>
     <span class='ocr_line' id='line_1_11' title="bbox 304 1591 1297 1692; baseline 0 -26"><span class='ocrx_word' id='word_1_69' title='bbox 304 1617 389 1672; x_wconf 86' lang='lat' dir='ltr'><strong>rum</strong></span> <span class='ocrx_word' id='word_1_70' title='bbox 400 1594 529 1665; x_wconf 78' lang='lat' dir='ltr'><strong>veslcae</strong></span> <span class='ocrx_word' id='word_1_71' title='bbox 546 1591 791 1688; x_wconf 76' lang='lat' dir='ltr'><strong>oscula,quae</strong></span> <span class='ocrx_word' id='word_1_72' title='bbox 800 1606 843 1664; x_wconf 91' lang='lat' dir='ltr'><strong>ut</strong></span> <span class='ocrx_word' id='word_1_73' title='bbox 854 1592 894 1662; x_wconf 86' lang='lat' dir='ltr'><strong>in</strong></span> <span class='ocrx_word' id='word_1_74' title='bbox 912 1593 1126 1666; x_wconf 85' lang='lat' dir='ltr'><strong>ureteribus</strong></span> <span class='ocrx_word' id='word_1_75' title='bbox 1145 1599 1297 1692; x_wconf 80' lang='lat' dir='ltr'><strong>patentia</strong></span> 
     </span>
    </p>
   </div>
   <div class='ocr_carea' id='block_1_5' title="bbox 303 1709 1351 1810">
    <p class='ocr_par' dir='ltr' id='par_1_5' title="bbox 303 1709 1351 1810">
     <span class='ocr_line' id='line_1_12' title="bbox 303 1709 1351 1810; baseline 0.002 -28"><span class='ocrx_word' id='word_1_76' title='bbox 303 1735 583 1810; x_wconf 86' lang='lat' dir='ltr'><strong>nonnunquam</strong></span> <span class='ocrx_word' id='word_1_77' title='bbox 598 1709 852 1807; x_wconf 81' lang='lat' dir='ltr'><strong>deprehendi,</strong></span> <span class='ocrx_word' id='word_1_78' title='bbox 877 1711 929 1782; x_wconf 89' lang='lat' dir='ltr'><strong>sic</strong></span> <span class='ocrx_word' id='word_1_79' title='bbox 944 1712 1250 1786; x_wconf 81' lang='lat' dir='ltr'><strong>etlaminterdum</strong></span> <span class='ocrx_word' id='word_1_80' title='bbox 1263 1715 1295 1784; x_wconf 83' lang='lat' dir='ltr'><strong>in</strong></span> <span class='ocrx_word' id='word_1_81' title='bbox 1350 1715 1351 1774; x_wconf 85' lang='grc' dir='ltr'>ἶ</span> 
     </span>
    </p>
   </div>
   <div class='ocr_carea' id='block_1_6' title="bbox 300 1819 1296 2750">
    <p class='ocr_par' dir='ltr' id='par_1_6' title="bbox 300 1819 1296 2750">
     <span class='ocr_line' id='line_1_13' title="bbox 304 1819 1296 1926; baseline -0.003 -24"><span class='ocrx_word' id='word_1_82' title='bbox 304 1819 523 1902; x_wconf 84' lang='lat' dir='ltr'><strong>continuata</strong></span> <span class='ocrx_word' id='word_1_83' title='bbox 542 1829 662 1900; x_wconf 81' lang='lat' dir='ltr'><strong>vesica</strong></span> <span class='ocrx_word' id='word_1_84' title='bbox 682 1843 809 1926; x_wconf 83' lang='lat' dir='ltr'><strong>patere</strong></span> <span class='ocrx_word' id='word_1_85' title='bbox 821 1825 917 1898; x_wconf 81' lang='lat' dir='ltr'><strong>nihil</strong></span> <span class='ocrx_word' id='word_1_86' title='bbox 935 1828 1134 1926; x_wconf 82' lang='lat' dir='ltr'><strong>prohibet,</strong></span> <span class='ocrx_word' id='word_1_87' title='bbox 1148 1831 1296 1903; x_wconf 62' lang='lat' dir='ltr'><strong>arenulae</strong></span> 
     </span>
     <span class='ocr_line' id='line_1_14' title="bbox 303 1944 1294 2047; baseline 0.003 -29"><span class='ocrx_word' id='word_1_88' title='bbox 303 1948 561 2020; x_wconf 72' lang='lat' dir='ltr'><strong>minutissimae</strong></span> <span class='ocrx_word' id='word_1_89' title='bbox 580 1947 620 2015; x_wconf 90' lang='lat' dir='ltr'><strong>in</strong></span> <span class='ocrx_word' id='word_1_90' title='bbox 638 1944 901 2043; x_wconf 83' lang='lat' dir='ltr'><strong>glandularum</strong></span> <span class='ocrx_word' id='word_1_91' title='bbox 926 1969 1015 2018; x_wconf 82' lang='lat' dir='ltr'><strong>cava</strong></span> <span class='ocrx_word' id='word_1_92' title='bbox 1037 1948 1205 2046; x_wconf 81' lang='lat' dir='ltr'><strong>irrepere</strong></span> <span class='ocrx_word' id='word_1_93' title='bbox 1219 1971 1294 2047; x_wconf 81' lang='lat' dir='ltr'><strong>pos-</strong></span> 
     </span>
     <span class='ocr_line' id='line_1_15' title="bbox 303 2064 1293 2162; baseline 0.001 -26"><span class='ocrx_word' id='word_1_94' title='bbox 303 2069 393 2154; x_wconf 82' lang='lat' dir='ltr'><strong>sint,</strong></span> <span class='ocrx_word' id='word_1_95' title='bbox 412 2065 541 2162; x_wconf 84' lang='lat' dir='ltr'><strong>ibique</strong></span> <span class='ocrx_word' id='word_1_96' title='bbox 565 2066 604 2134; x_wconf 89' lang='lat' dir='ltr'><strong>in</strong></span> <span class='ocrx_word' id='word_1_97' title='bbox 622 2064 788 2136; x_wconf 86' lang='lat' dir='ltr'><strong>calculos</strong></span> <span class='ocrx_word' id='word_1_98' title='bbox 812 2066 888 2136; x_wconf 88' lang='lat' dir='ltr'><strong>suis</strong></span> <span class='ocrx_word' id='word_1_99' title='bbox 910 2065 1062 2138; x_wconf 80' lang='lat' dir='ltr'><strong>alveolis</strong></span> <span class='ocrx_word' id='word_1_100' title='bbox 1084 2067 1293 2140; x_wconf 72' lang='lat' dir='ltr'><strong>inherentes</strong></span> 
     </span>
     <span class='ocr_line' id='line_1_16' title="bbox 305 2179 1292 2280; baseline 0.001 -28"><span class='ocrx_word' id='word_1_101' title='bbox 305 2205 516 2280; x_wconf 83' lang='lat' dir='ltr'><strong>augescere.</strong></span> <span class='ocrx_word' id='word_1_102' title='bbox 548 2179 620 2255; x_wconf 87' lang='lat' dir='ltr'><strong>Sed</strong></span> <span class='ocrx_word' id='word_1_103' title='bbox 642 2181 764 2253; x_wconf 88' lang='lat' dir='ltr'><strong>donec</strong></span> <span class='ocrx_word' id='word_1_104' title='bbox 788 2183 827 2254; x_wconf 89' lang='lat' dir='ltr'><strong>in</strong></span> <span class='ocrx_word' id='word_1_105' title='bbox 844 2183 1006 2254; x_wconf 82' lang='lat' dir='ltr'><strong>vesicam</strong></span> <span class='ocrx_word' id='word_1_106' title='bbox 1029 2185 1199 2256; x_wconf 83' lang='lat' dir='ltr'><strong>incidere</strong></span> <span class='ocrx_word' id='word_1_107' title='bbox 1216 2209 1292 2257; x_wconf 89' lang='lat' dir='ltr'><strong>con-</strong></span> 
     </span>
     <span class='ocr_line' id='line_1_17' title="bbox 303 2299 1293 2398; baseline 0.002 -28"><span class='ocrx_word' id='word_1_108' title='bbox 303 2301 421 2398; x_wconf 79' lang='lat' dir='ltr'><strong>tingat</strong></span> <span class='ocrx_word' id='word_1_109' title='bbox 436 2323 519 2397; x_wconf 82' lang='lat' dir='ltr'><strong>quae</strong></span> <span class='ocrx_word' id='word_1_110' title='bbox 541 2299 640 2370; x_wconf 86' lang='lat' dir='ltr'><strong>iuter</strong></span> <span class='ocrx_word' id='word_1_111' title='bbox 667 2301 814 2372; x_wconf 84' lang='lat' dir='ltr'><strong>tunicas</strong></span> <span class='ocrx_word' id='word_1_112' title='bbox 843 2299 895 2372; x_wconf 88' lang='lat' dir='ltr'><strong>ibi</strong></span> <span class='ocrx_word' id='word_1_113' title='bbox 916 2302 1141 2374; x_wconf 84' lang='lat' dir='ltr'><strong>conclusum</strong></span> <span class='ocrx_word' id='word_1_114' title='bbox 1175 2302 1293 2374; x_wconf 76' lang='lat' dir='ltr'><strong>habeat</strong></span> 
     </span>
     <span class='ocr_line' id='line_1_18' title="bbox 300 2407 1291 2518; baseline 0.004 -30"><span class='ocrx_word' id='word_1_115' title='bbox 300 2417 488 2488; x_wconf 76' lang='lat' dir='ltr'><strong>calculum</strong></span> <span class='ocrx_word' id='word_1_116' title='bbox 512 2407 592 2514; x_wconf 82' lang='lat' dir='ltr'><strong>quo</strong></span> <span class='ocrx_word' id='word_1_117' title='bbox 616 2441 661 2488; x_wconf 84' lang='lat' dir='ltr'><strong>ex</strong></span> <span class='ocrx_word' id='word_1_118' title='bbox 678 2417 893 2490; x_wconf 86' lang='lat' dir='ltr'><strong>ureteribus</strong></span> <span class='ocrx_word' id='word_1_119' title='bbox 914 2420 1115 2517; x_wconf 80' lang='lat' dir='ltr'><strong>pervenire</strong></span> <span class='ocrx_word' id='word_1_120' title='bbox 1143 2443 1221 2494; x_wconf 82' lang='lat' dir='ltr'><strong>non</strong></span> <span class='ocrx_word' id='word_1_121' title='bbox 1235 2445 1291 2518; x_wconf 75' lang='lat' dir='ltr'><strong>po·</strong></span> 
     </span>
     <span class='ocr_line' id='line_1_19' title="bbox 301 2535 1291 2631; baseline 0 -25"><span class='ocrx_word' id='word_1_122' title='bbox 301 2536 430 2624; x_wconf 85' lang='lat' dir='ltr'><strong>tuerit,</strong></span> <span class='ocrx_word' id='word_1_123' title='bbox 457 2559 618 2631; x_wconf 82' lang='lat' dir='ltr'><strong>eamque</strong></span> <span class='ocrx_word' id='word_1_124' title='bbox 641 2535 819 2606; x_wconf 80' lang='lat' dir='ltr'><strong>attentius</strong></span> <span class='ocrx_word' id='word_1_125' title='bbox 844 2538 1075 2624; x_wconf 63' lang='lat' dir='ltr'><strong>examinem</strong></span> <span class='ocrx_word' id='word_1_126' title='bbox 1105 2539 1230 2610; x_wconf 87' lang='lat' dir='ltr'><strong>malim</strong></span> <span class='ocrx_word' id='word_1_127' title='bbox 1248 2539 1291 2607; x_wconf 91' lang='lat' dir='ltr'><strong>in·</strong></span> 
     </span>
     <span class='ocr_line' id='line_1_20' title="bbox 300 2651 1290 2750; baseline -0.001 -25"><span class='ocrx_word' id='word_1_128' title='bbox 300 2669 403 2726; x_wconf 82' lang='lat' dir='ltr'><strong>terea</strong></span> <span class='ocrx_word' id='word_1_129' title='bbox 420 2678 442 2724; x_wconf 85' lang='lat' dir='ltr'><strong>a</strong></span> <span class='ocrx_word' id='word_1_130' title='bbox 457 2677 543 2724; x_wconf 87' lang='lat' dir='ltr'><strong>meo</strong></span> <span class='ocrx_word' id='word_1_131' title='bbox 564 2651 631 2723; x_wconf 88' lang='lat' dir='ltr'><strong>illo</strong></span> <span class='ocrx_word' id='word_1_132' title='bbox 649 2655 812 2750; x_wconf 80' lang='lat' dir='ltr'><strong>cogitato</strong></span> <span class='ocrx_word' id='word_1_133' title='bbox 836 2679 1028 2727; x_wconf 85' lang='lat' dir='ltr'><strong>assensum</strong></span> <span class='ocrx_word' id='word_1_134' title='bbox 1052 2655 1290 2730; x_wconf 77' lang='lat' dir='ltr'><strong>cohibere1et</strong></span> 
     </span>
    </p>
   </div>
   <div class='ocr_carea' id='block_1_7' title="bbox 299 2771 1350 2870">
    <p class='ocr_par' dir='ltr' id='par_1_7' title="bbox 299 2771 1350 2870">
     <span class='ocr_line' id='line_1_21' title="bbox 299 2771 1350 2870; baseline -0.004 -26"><span class='ocrx_word' id='word_1_135' title='bbox 299 2771 479 2870; x_wconf 81' lang='lat' dir='ltr'><strong>quoniam</strong></span> <span class='ocrx_word' id='word_1_136' title='bbox 495 2797 540 2842; x_wconf 79' lang='lat' dir='ltr'><strong>ex</strong></span> <span class='ocrx_word' id='word_1_137' title='bbox 555 2773 648 2844; x_wconf 79' lang='lat' dir='ltr'><strong>meis</strong></span> <span class='ocrx_word' id='word_1_138' title='bbox 666 2795 776 2869; x_wconf 82' lang='lat' dir='ltr'><strong>supra</strong></span> <span class='ocrx_word' id='word_1_139' title='bbox 801 2773 856 2868; x_wconf 73' lang='lat' dir='ltr'><strong>(a)</strong></span> <span class='ocrx_word' id='word_1_140' title='bbox 883 2775 1056 2846; x_wconf 80' lang='lat' dir='ltr'><strong>iudicatis</strong></span> <span class='ocrx_word' id='word_1_141' title='bbox 1077 2773 1290 2847; x_wconf 83' lang='lat' dir='ltr'><strong>ohservatio-</strong></span> <span class='ocrx_word' id='word_1_142' title='bbox 1349 2773 1350 2820; x_wconf 49' lang='grc' dir='ltr'><strong><em>ἓ</em></strong></span> 
     </span>
    </p>
   </div>
   <div class='ocr_carea' id='block_1_8' title="bbox 293 2889 1288 3698">
    <p class='ocr_par' dir='ltr' id='par_1_8' title="bbox 293 2889 1288 3698">
     <span class='ocr_line' id='line_1_22' title="bbox 298 2889 1288 2989; baseline -0.003 -26"><span class='ocrx_word' id='word_1_143' title='bbox 298 2891 411 2963; x_wconf 80' lang='lat' dir='ltr'><strong>nibus</strong></span> <span class='ocrx_word' id='word_1_144' title='bbox 430 2889 563 2976; x_wconf 80' lang='lat' dir='ltr'><strong>didici,</strong></span> <span class='ocrx_word' id='word_1_145' title='bbox 589 2890 827 2963; x_wconf 82' lang='lat' dir='ltr'><strong>sacculorum</strong></span> <span class='ocrx_word' id='word_1_146' title='bbox 848 2889 990 2962; x_wconf 75' lang='lat' dir='ltr'><strong>orificio</strong></span> <span class='ocrx_word' id='word_1_147' title='bbox 1008 2915 1104 2989; x_wconf 85' lang='lat' dir='ltr'><strong>saepe</strong></span> <span class='ocrx_word' id='word_1_148' title='bbox 1125 2917 1204 2964; x_wconf 87' lang='lat' dir='ltr'><strong>esse</strong></span> <span class='ocrx_word' id='word_1_149' title='bbox 1223 2913 1288 2964; x_wconf 82' lang='lat' dir='ltr'><strong>sac·</strong></span> 
     </span>
     <span class='ocr_line' id='line_1_23' title="bbox 298 3008 1286 3107; baseline -0.005 -27"><span class='ocrx_word' id='word_1_150' title='bbox 298 3010 392 3080; x_wconf 78' lang='lat' dir='ltr'><strong>culis</strong></span> <span class='ocrx_word' id='word_1_151' title='bbox 415 3009 505 3106; x_wconf 88' lang='lat' dir='ltr'><strong>ipsis</strong></span> <span class='ocrx_word' id='word_1_152' title='bbox 532 3008 655 3079; x_wconf 83' lang='lat' dir='ltr'><strong>multo</strong></span> <span class='ocrx_word' id='word_1_153' title='bbox 689 3009 865 3096; x_wconf 76' lang='lat' dir='ltr'><strong>minora,</strong></span> <span class='ocrx_word' id='word_1_154' title='bbox 902 3009 1129 3104; x_wconf 71' lang='lat' dir='ltr'><strong>conjecturae</strong></span> <span class='ocrx_word' id='word_1_155' title='bbox 1149 3031 1286 3107; x_wconf 86' lang='lat' dir='ltr'><strong>quoque</strong></span> 
     </span>
     <span class='ocr_line' id='line_1_24' title="bbox 295 3126 1286 3224; baseline -0.002 -30"><span class='ocrx_word' id='word_1_156' title='bbox 295 3127 402 3198; x_wconf 82' lang='lat' dir='ltr'><strong>alteri</strong></span> <span class='ocrx_word' id='word_1_157' title='bbox 433 3127 559 3198; x_wconf 88' lang='lat' dir='ltr'><strong>locum</strong></span> <span class='ocrx_word' id='word_1_158' title='bbox 585 3126 749 3222; x_wconf 73' lang='lat' dir='ltr'><strong>aliquem</strong></span> <span class='ocrx_word' id='word_1_159' title='bbox 777 3126 896 3215; x_wconf 80' lang='lat' dir='ltr'><strong>dabo,</strong></span> <span class='ocrx_word' id='word_1_160' title='bbox 917 3141 960 3198; x_wconf 87' lang='lat' dir='ltr'><strong>ut</strong></span> <span class='ocrx_word' id='word_1_161' title='bbox 987 3141 1076 3224; x_wconf 85' lang='lat' dir='ltr'><strong>puta</strong></span> <span class='ocrx_word' id='word_1_162' title='bbox 1096 3129 1139 3224; x_wconf 47' lang='grc' dir='ltr'><strong>εἰΧ</strong></span> <span class='ocrx_word' id='word_1_163' title='bbox 1156 3128 1286 3197; x_wconf 78' lang='lat' dir='ltr'><strong>minore</strong></span> 
     </span>
     <span class='ocr_line' id='line_1_25' title="bbox 295 3241 1284 3344; baseline -0.005 -30"><span class='ocrx_word' id='word_1_164' title='bbox 295 3244 441 3316; x_wconf 80' lang='lat' dir='ltr'><strong>calculo</strong></span> <span class='ocrx_word' id='word_1_165' title='bbox 464 3247 649 3342; x_wconf 77' lang='lat' dir='ltr'><strong>ingresso,</strong></span> <span class='ocrx_word' id='word_1_166' title='bbox 671 3241 860 3316; x_wconf 85' lang='lat' dir='ltr'><strong>orificium</strong></span> <span class='ocrx_word' id='word_1_167' title='bbox 879 3269 1120 3344; x_wconf 83' lang='lat' dir='ltr'><strong>quacumque</strong></span> <span class='ocrx_word' id='word_1_168' title='bbox 1130 3245 1179 3317; x_wconf 85' lang='lat' dir='ltr'><strong>de</strong></span> <span class='ocrx_word' id='word_1_169' title='bbox 1191 3263 1284 3315; x_wconf 83' lang='lat' dir='ltr'><strong>cansa</strong></span> 
     </span>
     <span class='ocr_line' id='line_1_26' title="bbox 296 3359 1283 3461; baseline -0.004 -29"><span class='ocrx_word' id='word_1_170' title='bbox 296 3363 412 3458; x_wconf 82' lang='lat' dir='ltr'><strong>magis</strong></span> <span class='ocrx_word' id='word_1_171' title='bbox 436 3376 664 3450; x_wconf 81' lang='lat' dir='ltr'><strong>arctaretur,</strong></span> <span class='ocrx_word' id='word_1_172' title='bbox 683 3363 719 3432; x_wconf 84' lang='lat' dir='ltr'><strong>et</strong></span> <span class='ocrx_word' id='word_1_173' title='bbox 738 3386 852 3461; x_wconf 84' lang='lat' dir='ltr'><strong>pene,</strong></span> <span class='ocrx_word' id='word_1_174' title='bbox 867 3377 932 3434; x_wconf 83' lang='lat' dir='ltr'><strong>aut</strong></span> <span class='ocrx_word' id='word_1_175' title='bbox 952 3387 1108 3461; x_wconf 79' lang='lat' dir='ltr'><strong>prorsus</strong></span> <span class='ocrx_word' id='word_1_176' title='bbox 1127 3359 1283 3434; x_wconf 82' lang='lat' dir='ltr'><strong>occlude·</strong></span> 
     </span>
     <span class='ocr_line' id='line_1_27' title="bbox 294 3474 1282 3568; baseline -0.003 -21"><span class='ocrx_word' id='word_1_177' title='bbox 294 3493 408 3550; x_wconf 87' lang='lat' dir='ltr'><strong>retur.</strong></span> <span class='ocrx_word' id='word_1_178' title='bbox 439 3483 676 3568; x_wconf 74' lang='lat' dir='ltr'><strong>Suntautem</strong></span> <span class='ocrx_word' id='word_1_179' title='bbox 697 3474 835 3552; x_wconf 84' lang='lat' dir='ltr'><strong>sacculi</strong></span> <span class='ocrx_word' id='word_1_180' title='bbox 852 3506 966 3554; x_wconf 87' lang='lat' dir='ltr'><strong>unam</strong></span> <span class='ocrx_word' id='word_1_181' title='bbox 991 3481 1038 3552; x_wconf 89' lang='lat' dir='ltr'><strong>ad</strong></span> <span class='ocrx_word' id='word_1_182' title='bbox 1061 3483 1218 3552; x_wconf 81' lang='lat' dir='ltr'><strong>vesicam</strong></span> <span class='ocrx_word' id='word_1_183' title='bbox 1236 3479 1282 3545; x_wconf 88' lang='lat' dir='ltr'><strong>in·</strong></span> 
     </span>
     <span class='ocr_line' id='line_1_28' title="bbox 293 3595 1279 3698; baseline -0.006 -30"><span class='ocrx_word' id='word_1_184' title='bbox 293 3595 443 3668; x_wconf 82' lang='lat' dir='ltr'><strong>terdum</strong></span> <span class='ocrx_word' id='word_1_185' title='bbox 463 3597 632 3694; x_wconf 87' lang='lat' dir='ltr'><strong>plurimi,</strong></span> <span class='ocrx_word' id='word_1_186' title='bbox 646 3601 745 3670; x_wconf 89' lang='lat' dir='ltr'><strong>inter</strong></span> <span class='ocrx_word' id='word_1_187' title='bbox 760 3625 901 3696; x_wconf 88' lang='lat' dir='ltr'><strong>eosque</strong></span> <span class='ocrx_word' id='word_1_188' title='bbox 918 3601 1028 3670; x_wconf 88' lang='lat' dir='ltr'><strong>etiam</strong></span> <span class='ocrx_word' id='word_1_189' title='bbox 1041 3601 1204 3698; x_wconf 86' lang='lat' dir='ltr'><strong>parvi,et</strong></span> <span class='ocrx_word' id='word_1_190' title='bbox 1215 3616 1279 3666; x_wconf 87' lang='lat' dir='ltr'><strong>non</strong></span> 
     </span>
    </p>
   </div>
   <div class='ocr_carea' id='block_1_9' title="bbox 326 3875 673 4055">
    <p class='ocr_par' dir='ltr' id='par_1_9' title="bbox 326 3875 673 4055">
     <span class='ocr_line' id='line_1_29' title="bbox 333 3875 673 3957; baseline 0.015 -23"><span class='ocrx_word' id='word_1_191' title='bbox 333 3875 375 3957; x_wconf 61' lang='grc' dir='ltr'><strong>(ι)</strong></span> <span class='ocrx_word' id='word_1_192' title='bbox 398 3879 493 3952; x_wconf 83' lang='lat' dir='ltr'><strong>Epist.</strong></span> <span class='ocrx_word' id='word_1_193' title='bbox 513 3879 564 3949; x_wconf 83' lang='lat'><strong>37,</strong></span> <span class='ocrx_word' id='word_1_194' title='bbox 579 3899 608 3936; x_wconf 90' lang='lat' dir='ltr'><strong>u.</strong></span> <span class='ocrx_word' id='word_1_195' title='bbox 625 3901 673 3957; x_wconf 79' lang='lat'><strong>²9·</strong></span> 
     </span>
     <span class='ocr_line' id='line_1_30' title="bbox 326 3977 499 4055; baseline 0.012 -23"><span class='ocrx_word' id='word_1_196' title='bbox 326 3977 373 4055; x_wconf 70' lang='grc' dir='ltr'><strong>(α)</strong></span> <span class='ocrx_word' id='word_1_197' title='bbox 394 3981 432 4036; x_wconf 85' lang='grc' dir='ltr'><strong>Ν.</strong></span> <span class='ocrx_word' id='word_1_198' title='bbox 453 3979 499 4035; x_wconf 79' lang='lat'><strong>30.</strong></span> 
     </span>
    </p>
   </div>
   <div class='ocr_carea' id='block_1_10' title="bbox 0 0 1368 4676">
    <p class='ocr_par' dir='ltr' id='par_1_10' title="bbox 0 0 1368 4676">
     <span class='ocr_line' id='line_1_31' title="bbox 0 0 1368 4676; baseline 0 4"><span class='ocrx_word' id='word_1_199' title='bbox 0 0 1368 4676; x_wconf 95' lang='lat' dir='ltr'><strong> </strong></span> 
     </span>
    </p>
   </div>
  </div>
 </body>
</html>
