2814 4674
152 449 213 496 Lm
232 445 287 514 111.
313 437 363 494 'nn
390 443 526 494 nonnis
542 439 711 511 marnis,
737 444 849 496 smsr.
877 445 997 497 xxx1x.
1050 428 1097 524 49

111 583 194 633 amc
211 561 284 632 dici
303 560 349 632 de
366 559 515 632 tantillo
532 559 667 631 radicis
681 541 867 634 aut'sarsae
886 565 1025 661 parillae
1036 582 1099 637 aut

112 680 225 776 potius
255 677 386 750 chinae.
414 676 529 767 Quod
555 677 601 748 de
623 681 811 750 mercurio
840 683 977 776 injecta
1003 699 1100 756 esset

111 797 258 884 monti0,
273 797 439 893 primum
456 820 535 866 non
554 821 616 867 eas
641 816 718 868 esse
743 798 830 894 aegri
848 799 968 888 vires,
988 816 1030 871 ut
1051 801 1098 871 de

113 939 148 985 eo
162 916 409 1012 cogitaremus
430 939 437 984 :
458 931 542 1010 quae
556 915 587 986 si
612 929 756 1002 essent,
772 915 898 986 'multo
918 914 1099 990 libentius
1141 907 1143 914 ⁵

111 1031 306 1103 secundum
335 1056 378 1101 ea
407 1057 488 1128 quae
519 1031 566 1102 de
596 1034 756 1103 tumoris
779 1017 889 1103 causa
913 1033 1100 1124 dixeram,

26 1183 28 1200 ι
111 1149 284 1220 modicam
302 1151 492 1246 sanguinis
516 1147 1004 1247 missionemffirobaturum
1038 1179 1099 1226 me

111 1290 175 1338 esse
193 1292 235 1337 ex
250 1264 618 1338 haemorrhoidibus:
642 1265 779 1339 deinde
802 1271 831 1340 si
853 1272 1011 1342 tumoris
1033 1295 1100 1365 na-¹

110 1397 179 1452 tura
193 1409 234 1454 ea
253 1382 352 1455 foret
370 1407 483 1481 quam
499 1383 572 1480 ipsi
590 1399 804 1474 censerent,
829 1401 865 1458 et
879 1411 993 1484 quam
1011 1386 1098 1460 infi»

111 1500 186 1571 ciari
203 1527 284 1573 non
303 1526 470 1599 possem,
490 1515 611 1574 tactus
640 1501 782 1596 judicio
814 1503 1016 1576 indicatam
1042 1507 1099 1576 vi-

111 1617 178 1689 deri
198 1622 319 1724 quasi
333 1645 378 1692 ex
398 1618 598 1692 skirrhosis
624 1623 863 1713 strumosisae
893 1623 1098 1720 glandulis;

109 1737 214 1808 minus
231 1752 335 1810 certe
354 1738 583 1808 mercurium
601 1760 715 1833 quam
733 1737 951 1836 millepedes
964 1765 1099 1816 conve·

110 1854 194 1943 nire,
211 1875 337 1952 eoque
350 1855 420 1927 hos
433 1857 549 1954 magis
562 1854 667 1952 quod
681 1877 832 1926 movere
843 1859 1098 1931 simullotium

110 1989 267 2067 possent,
287 1974 318 2044 si
339 1971 378 2043 id
394 1972 548 2072 quidem
566 1997 641 2044 ere
657 1987 773 2062 esset,
794 1957 903 2045 sicuti
924 1979 1098 2075 proposi·
1186 1982 1190 1989 '

26 2097 27 2100 ’
110 2103 179 2160 tum
200 2089 332 2164 fuerat.
360 2088 432 2162 Sed
448 2089 544 2160 nihil
561 2092 714 2188 magise
736 2116 776 2162 re
801 2115 902 2180 esse,
923 2109 965 2164 ut
986 2095 1097 2168 dixis-

110 2231 192 2298 sem,
206 2233 324 2308 quam
338 2210 451 2280 vitam
469 2195 690 2305 protrahere
710 2235 717 2276 ε
739 2207 853 2306 idque
872 2205 1011 2282 factum
1029 2214 1096 2301 iri,

112 2325 136 2394 si
150 2326 293 2424 ingrata
311 2327 592 2414 omitterentur,
614 2325 773 2423 gratiora
791 2325 998 2424 eademque
1027 2354 1098 2400 nu·

110 2443 245 2516 trientia¹
256 2444 450 2516 darentur.
476 2445 530 2514 Ex
546 2443 605 2514 his
621 2467 702 2540 quae
718 2437 859 2516 diutius
884 2447 1098 2519 stomachus
1196 2528 1205 2541 .

109 2560 272 2634 retineret
286 2576 352 2632 ant
370 2586 449 2631 non
468 2575 543 2631 tota
558 2561 748 2659 rejiceret,
766 2559 966 2660 diligenter
981 2579 1098 2636 atten-

110 2661 277 2767 dendum,
299 2679 420 2775 iisque
444 2679 680 2775 potissimum
703 2677 898 2749 utendum.

150 2801 200 2883 24.
223 2797 304 2868 Etsi
326 2797 377 2865 ita
404 2794 548 2882 brevis,
570 2809 612 2866 ut
633 2795 922 2893 plerumquefin
941 2797 1096 2870 medicis

26 2959 27 2970 η
111 2911 296 3011 colloquiis
312 2913 444 2984 solitus
461 2936 564 3000 sum,
582 2936 661 2982 esse
682 2937 761 2982 non
779 2927 994 3010 potueram,
1009 2915 1094 2986 lon-

110 3029 190 3124 giori
201 3048 328 3104 tamen
343 3032 514 3103 oratione
525 3049 615 3101 usus
627 3043 681 3100 est
694 3031 761 3127 qui
772 3031 973 3102 novissime
983 3033 1098 3104 verba

110 3140 183 3219 lecit
205 3151 330 3222 senior
348 3149 406 3220 vi‘r
435 3148 634 3244 clarusque
651 3145 850 3244 professor.
871 3150 1001 3220 Sermo
1017 3151 1098 3246 ejus

110 3267 215 3338 omnis
238 3267 316 3339 huc
335 3265 465 3353 rediit,
484 3281 525 3336 ut
546 3267 706 3336 tumoris
731 3281 903 3336 naturam
924 3267 1095 3338 eamdem

110 3403 208 3475 quam
220 3386 342 3456 caeteri
353 3398 593 3482 agnosceret3
613 3382 739 3454 sedem
753 3382 855 3453 haud
863 3384 972 3453 aliam
982 3397 1096 3482 qnam

108 3504 359 3574 mesenterium
368 3516 557 3589 statueret,
565 3515 730 3587 omento,
738 3502 842 3598 (nam
853 3499 900 3572 de
910 3502 1096 3574 intestinis

107 3617 235 3688 nullam
249 3644 406 3718 prorsus
419 3619 650 3690 mentionem
672 3616 780 3714 fecit)
803 3617 853 3688 ob
877 3616 916 3687 id
937 3623 1095 3690 maxime

108 3733 249 3827 rejecto,
268 3736 374 3834 quod
387 3761 498 3808 sensu
516 3751 677 3822 careret,
697 3761 740 3808 ac
757 3738 837 3806 sine
859 3734 990 3806 dolore
1003 3727 1099 3806 incia
1124 3769 1128 3778 ·
1203 3811 1206 3817 A

110 3847 257 3925 deretur.
270 3859 453 3926 Caeterum
465 3853 712 3926 insanabilem
727 3851 903 3923 morbum
918 3877 997 3924 esse
1012 3879 1099 3924 con-

110 3962 252 4137 firm5avit
266 3999 273 4042 :
287 3961 608 4044 'medicamentosa
637 3969 813 4068 probavit
840 3971 1031 4060 alimenta,
1058 3974 1098 4043 in
1114 3971 1119 4064 ’-

194 4120 201 4137 .
384 4127 386 4130 -
904 4088 927 4154 ll
