2814 4674
288 383 333 454 28
459 407 504 452 nr
530 399 675 453 sanmus
700 407 743 453 nr
769 405 891 454 cnnsrs
917 405 1125 454 nonnonmu

288 522 365 590 duo
397 519 561 590 Galenus
581 519 654 616 (1),
672 535 871 617 postquam
889 520 1086 607 docuerat,
1115 522 1293 618 quemad·
1397 535 1398 622 J

288 637 442 708 modum
469 638 548 734 ipse
574 637 768 733 cujusdam
804 637 1235 736 ientriculum'parvum
1254 655 1292 710 et
1397 637 1398 642 ’

289 754 517 842 rotundum,
545 753 697 827 alterius
729 771 853 828 autem
878 757 1038 828 vesicam
1068 779 1221 855 parram
1255 771 1293 829 et

289 873 591 971 prominentem,
607 873 753 971 aliaque
772 872 832 946 his
847 871 1066 944 obscuriora
1092 875 1292 970 cognovis-

291 1004 363 1078 set,
381 991 421 1059 in
441 989 595 1082 medicis
615 991 679 1088 qui
684 989 911 1082 facultatem
940 989 1182 1088 dignoscendi
1206 989 1294 1061 talia

291 1111 467 1204 consequi
485 1121 680 1204 cuperent,
699 1107 857 1178 omnino
877 1105 1103 1205 requirebat.

346 1249 397 1320 17.
424 1223 529 1294 Idem
550 1238 675 1305 tamen
691 1212 804 1321 paulo
818 1240 904 1295 ante
920 1223 974 1320 (α)
987 1210 1189 1310 docuerat,
1208 1247 1296 1320 quoe

296 1348 396 1412 intra
425 1365 560 1440 corpus
584 1356 698 1430 sunt,
721 1334 797 1412 non
825 1347 952 1412 omnia
971 1367 1083 1442 posse
1102 1347 1295 1438 cognosci,

295 1474 331 1530 et
356 1457 414 1555 (3)
436 1483 518 1554 quae
541 1457 613 1530 sub
635 1483 786 1531 sensum
807 1483 885 1530 non
909 1459 1070 1548 cadunt,
1085 1484 1131 1530 ea
1155 1473 1301 1528 tentore

295 1591 471 1674 oportere
489 1601 602 1672 quom
617 1578 879 1673 moacimesteri
888 1590 1033 1674 potest,
1045 1581 1079 1647 si
1092 1600 1169 1646 non
1177 1579 1302 1654 ¹certis·

296 1699 390 1764 sima
405 1698 578 1778 scientia,
600 1695 807 1789 artificioso
824 1693 957 1764 saltem
977 1696 1192 1790 conjecturo
1204 1715 1301 1762 com-

293 1809 545 1909 prehendere:
564 1834 727 1906 cumque
743 1810 820 1881 haec
836 1836 918 1908 quae
933 1810 1153 1895 retulimus,
1172 1809 1301 1879 omnia

299 1927 345 1998 de
362 1928 406 1998 iis
424 1928 583 1998 internis
603 1927 936 1999 constitutionibus
952 1926 1102 1999 dixisset
1115 1951 1198 2023 quae
1212 1939 1302 1997 suut

300 2058 481 2132 enatura,
500 2067 587 2115 mox
605 2042 662 2141 (q)
676 2069 737 2116 cas
747 2070 829 2146 quae
843 2060 930 2148 suut
944 2069 963 2115 a
979 2041 1134 2130 morbo,
1146 2042 1303 2140 dignos-

302 2160 439 2234 cendas
458 2185 537 2233 esse
566 2161 762 2249 iudicavit,
792 2188 840 2234 ear
862 2165 1123 2260 operationum
1142 2160 1304 2231 {cesioni-

303 2281 391 2364 bus,
408 2294 476 2350 out
493 2278 549 2348 his
568 2305 654 2376 quer
671 2295 920 2351 excernuntur
935 2296 1004 2351 aut
1019 2278 1214 2350 doloribus
1236 2273 1306 2348 out

304 2398 508 2468 tumoribus
526 2413 673 2494 praeter
690 2411 889 2484 naturam,
907 2412 975 2470 aut
1000 2395 1134 2467 horum
1160 2393 1306 2492 quibus·

304 2513 415 2598 dum,
442 2512 498 2584 rel
510 2515 690 2584 omnibus.
717 2519 761 2585 Et
783 2513 894 2585 docte
911 2513 1083 2611 quidem,
1100 2527 1142 2584 ut
1160 2508 1307 2582 tantum

249 2726 252 2732 Ι
305 2628 461 2704 decebat
470 2635 708 2729 magistrum,
724 2633 919 2703 monstrati
938 2632 988 2702 sic
1004 2629 1113 2702 nobis
1126 2627 1307 2716 suntloci,
1327 2684 1332 2694 .

305 2763 342 2820 et
359 2749 466 2846 quasi
483 2744 605 2819 fontes
620 2750 824 2846 signorum.
841 2747 913 2819 Sed
930 2772 971 2820 ea
989 2771 1083 2844 saepe
1098 2745 1305 2844 implicatio

307 2865 527 2937 morborum
546 2879 618 2950 est,
633 2866 663 2936 is
679 2866 841 2962 partium
854 2887 1059 2936 consensus
1084 2878 1196 2960 atque
1219 2861 1307 2932 vici·

308 2983 421 3063 nitas,
436 2997 478 3054 ut
489 3001 576 3052 raro
591 2987 788 3052 certissimo
801 2982 863 3054 illa
878 2986 1032 3052 scientia
1047 2978 1230 3078 speranda
1244 2979 1308 3066 sit,

311 3098 481 3173 crebrius
506 3099 712 3194 artificiosa
728 3101 944 3196 conjectura
962 3097 1143 3178 tentanda
1162 3111 1199 3166 et
1226 3119 1311 3168 mo-

308 3213 412 3288 deste
430 3213 718 3312 verecundeque
733 3215 991 3315 proponenda.
1005 3214 1116 3306 Quod
1127 3212 1312 3284 cumalias

310 3329 432 3406 iacere
451 3329 647 3417 consuevi,
668 3348 749 3403 tum
762 3334 800 3404 in
818 3331 1043 3430 quibusdam
1062 3354 1145 3401 non·
1162 3331 1213 3400 ita
1225 3350 1312 3427 per·
1351 3365 1354 3374 v
