2740 4670
304 411 375 484 380
459 437 503 486 nn
530 435 676 484 sentens
703 437 745 483 st
773 434 897 484 causis
922 433 1133 482 aronnonun

303 575 380 622 non
407 551 511 647 quod
532 551 711 648 pleraque
734 575 813 620 non
840 551 914 620 sint
937 549 1116 620 omnibns
1135 567 1296 618 commu·

303 668 364 741 nia
379 695 388 752 ;
406 668 481 738 imo
505 683 706 765 propterea
730 666 832 764 quod
857 682 965 747 sunt,
992 683 1035 738 ut
1061 666 1173 763 plane
1195 661 1298 732 intel·

302 783 411 879 ligas,
439 809 525 855 cum
547 786 584 852 in
606 783 679 854 hoc
706 784 932 856 conveniant
957 782 1062 880 quod
1087 783 1183 854 ratio
1206 778 1298 849 indi-

304 916 382 986 cat,
411 927 457 972 ne
485 901 691 998 quidquam
712 903 750 971 in
778 917 908 973 ventre
938 903 983 972 sit
1017 900 1121 998 quod
1160 897 1296 981 obstet,

306 1032 419 1113 utque
443 1019 568 1088 omnia
588 1017 722 1088 cedant
751 1019 973 1115 regressuris
1002 1018 1210 1102 intestinis,
1235 1016 1297 1084 mi-

305 1135 406 1204 nime
427 1159 624 1231 apparere,
643 1161 711 1208 cur
737 1136 826 1206 olim
856 1151 892 1206 et
919 1151 1051 1208 nostro
1079 1137 1191 1206 etiam
1214 1149 1302 1204 tem-

304 1275 398 1346 pore
416 1252 532 1348 aliqui
559 1278 580 1322 a
605 1251 826 1348 clysteribus
850 1269 941 1324 tunc
967 1252 1219 1339 abhorreant,
1242 1275 1303 1349 per

306 1392 403 1463 quos
420 1371 499 1441 sine
519 1371 753 1441 irritamento
770 1370 959 1467 quidquid
977 1397 1019 1442 ea
1043 1373 1103 1441 via
1119 1385 1247 1468 potest
1263 1394 1304 1439 ex

307 1485 492 1570 intestinis
506 1487 746 1560 subducatur.
777 1492 871 1558 Nam
894 1488 999 1585 quod
1013 1489 1141 1575 aiunt,
1161 1487 1303 1558 descen-

307 1611 395 1682 dere
414 1613 590 1708 clysteres
614 1611 669 1683 ad
687 1627 867 1699 scrotum,
895 1629 933 1683 et
954 1619 1101 1683 ratione
1123 1611 1304 1710 ponderis

307 1735 367 1800 sui
388 1736 561 1801 intestina
595 1755 712 1827 magis
746 1729 971 1828 deprimere,
994 1746 1110 1828 atque
1141 1730 1304 1800 herniam

308 1873 468 1944 augere;
491 1847 530 1918 id
548 1849 674 1920 locum
701 1846 868 1920 fortasse
878 1847 1035 1920 haberet
1053 1847 1121 1919 ubi
1141 1849 1368 1986 proxima

308 1980 411 2034 recto
432 1989 518 2063 pars
537 1966 641 2037 coli
633 1991 672 2036 m
696 1981 861 2036 scrotum
880 1965 1009 2062 illapsa
1029 1980 1142 2050 esset,
1160 1979 1227 2035 aut
1247 1925 1368 2032 ubi

309 2082 458 2152 inverso
475 2083 550 2177 jam
577 2083 806 2180 peristaltico
836 2097 956 2169 motu,
984 2083 1111 2152 omnia
1138 2107 1186 2152 ex
1211 2094 1304 2152 recto

309 2197 348 2267 iu
377 2198 520 2294 reliqua
548 2201 721 2270 intestina
753 2213 986 2296 raperentur.
1018 2201 1193 2288 Quorum
1221 2221 1304 2268 neu-

310 2329 410 2386 trum
429 2314 476 2385 ab
496 2317 539 2388 iis
559 2316 632 2388 dici
644 2331 785 2414 potest,
803 2341 881 2387 non
900 2317 1081 2414 primum,
1100 2319 1192 2413 quia
1206 2314 1305 2386 colon

312 2456 399 2502 raro
428 2438 532 2502 eoeire
555 2434 593 2503 in
626 2449 792 2505 scrotum
820 2431 1109 2522 fatenturpnon
1135 2433 1305 2514 alterum,

314 2550 402 2645 qnia
423 2575 509 2620 cum
534 2551 610 2646 jam
626 2557 791 2649 pessima
818 2566 1070 2647 symptomata
1097 2571 1306 2648 superume-

266 2711 271 2722 ·
311 2671 402 2752 rint,
420 2681 512 2737 tunc
536 2667 700 2765 denique
731 2665 954 2764 clysteribus
982 2669 1053 2765 ipsi
1079 2665 1237 2763 quidem
1259 2663 1304 2734 uti
1366 2657 1367 2742 i

311 2785 544 2879 permittunt.

365 2926 417 2970 12.
440 2901 514 2973 Ubi
532 2927 623 2971 vero
647 2900 694 2970 ad
720 2899 861 2971 ferrum
886 2899 1114 2972 veniendum
1136 2915 1218 2987 est,
1239 2921 1303 2995 qna

313 3019 548 3114 potissimum
564 3019 707 3088 ratione
728 3018 910 3088 utendum
935 3020 997 3105 sit,
1017 3041 1103 3088 cum
1123 3017 1303 3100 Valsalva,
1365 3115 1366 3118 Ἴ

313 3137 420 3232 cujus
438 3138 624 3233 praecipue
642 3137 736 3206 scire
746 3160 831 3206 aves
849 3134 1163 3206 consuetudinem
1176 3135 1303 3230 ,scrip-
1365 3131 1366 3178 t

312 3267 392 3322 tum
410 3278 485 3323 non
506 3251 720 3349 reliquerit;
736 3252 831 3322 nihil
851 3269 906 3324 est
924 3278 1060 3340 causae,
1091 3277 1160 3323 cur
1177 3254 1222 3324 iis
1233 3274 1304 3348 qua

313 3371 398 3440 satis
423 3370 468 3440 ab
494 3371 574 3440 aliis
601 3385 754 3440 tractata
780 3387 889 3458 sunt,
919 3373 1178 3442 immoremur.
1210 3373 1305 3440 Non·

313 3487 418 3557 nulla
440 3486 619 3558 duntaxat
642 3513 724 3583 quae
755 3485 853 3558 illius
881 3503 945 3559 aut
970 3489 1063 3558 meis
1086 3486 1306 3559 dissectioni·

312 3603 385 3675 bus
405 3603 623 3675 confirmari
634 3621 811 3702 possunt,
827 3608 954 3704 paucis
970 3605 1161 3703 attingam.
1181 3609 1227 3675 Et
1241 3603 1307 3700 pri·

312 3745 417 3794 mum
442 3746 523 3816 quae
541 3725 762 3819 repositioni
792 3724 949 3796 maxime
972 3721 1161 3810 officiunt,
1181 3700 1305 3793 orificii
1364 3793 1365 3824 ,

315 3837 452 3910 sacculi
468 3841 665 3932 angustiae,
683 3839 903 3926 etdurities,
922 3841 1230 3939 etprolapsorum
1248 3851 1304 3906 aut

281 4013 285 4017 .
312 3955 360 4026 ad
380 3954 591 4040 sacculum,
612 3970 676 4025 aut
693 3957 792 4027 inter
815 3980 853 4028 se
871 3959 1030 4031 annexio
1049 3951 1304 4052 utaliquando
