2814 4674
231 448 376 586 nn
451 433 957 588 snutssus
1095 433 1103 448 ⁴

569 757 634 826 ET

108 1035 441 1164 elusis
516 967 1102 1166 Monssonull.

118 1341 1106 1373 mmmmmwtwwmwvmmwwvwmmuwwmm

134 1531 368 1606 rrtsrotn
391 1470 891 1606 utronno-nsoter
917 1533 1073 1607 xxxrx.

110 1767 159 1834 De
189 1765 344 1863 reliquis
377 1769 526 1838 internis
553 1773 693 1838 ventris
727 1767 930 1838 tumoribus
965 1776 1106 1864 praeter

385 1881 561 1955 noturarlz
577 1885 694 1955 verba
703 1885 820 1996 fiunt.

66 2197 69 2206 ·
111 2099 228 2228 Con·
248 2153 296 2227 de
318 2155 445 2246 ascite,
470 2171 507 2228 et
528 2157 668 2230 caeteris
695 2155 835 2230 ventris
857 2155 1021 2228 universi
1046 2167 1107 2228 tu-

111 2273 279 2344 moribus
310 2275 396 2346 satis¹
426 2278 618 2372 superiore
646 2275 801 2372 epistola
830 2276 1011 2373 scripturn
1041 2276 1107 2361 sit,

111 2411 208 2462 nunc
240 2393 412 2489 sequitur
440 2407 482 2464 ut
510 2391 556 2462 de
579 2392 622 2462 iis
648 2389 854 2482 scribatur,
890 2393 957 2489 qui
988 2405 1108 2464 certas

112 2509 288 2604 quasdam
315 2509 414 2582 illius
445 2527 569 2610 partes
594 2509 830 2596 distendunt,
850 2511 1033 2608 supremis
1053 2524 1109 2580 ta-
1161 2575 1165 2584 .

112 2651 194 2696 rnen
216 2641 258 2734 et
278 2623 417 2700 infimis
443 2628 637 2700 nonnullis
664 2619 852 2727 exceptis,
880 2643 921 2700 ut
948 2653 1109 2725 quarum
1141 2685 1143 2691 Α

111 2757 276 2816 tumores
294 2745 375 2818 aliis
394 2745 461 2816 tibi
482 2745 612 2817 litteris
634 2745 677 2840 (r
694 2744 708 2842 )
728 2746 886 2844 expositi
902 2759 1006 2832 sunt„
1022 2743 1109 2815 Val-

86 2877 88 2882 '
112 2857 337 2960 salva‘igitur
357 2889 487 2934 eorum
508 2863 574 2960 qui
592 2862 638 2933 ad
655 2851 796 2935 medias
813 2877 850 2934 et
868 2863 935 2958 qui
955 2859 1001 2932 ad
1024 2857 1119 2930 infi-·

115 3003 186 3050 mas
204 2996 330 3079 partes
349 2982 528 3070 attinent,
547 2979 614 3052 has
636 2981 806 3080 quinque
831 2979 1111 3054 observationes

116 3096 272 3194 reliquit.
827 3101 830 3106 ’
877 3194 880 3198 ¹

120 3201 123 3208 ’
163 3241 190 3284 2.
212 3217 397 3315 Georgius
407 3212 637 3290 Marchesius
650 3215 828 3313 patricius
839 3213 1112 3302 Foroliviensis‚

122 3354 248 3430 magno
266 3335 415 3405 interno
433 3349 584 3408 tumore
599 3333 741 3405 ventris
759 3331 950 3418 laborans,
966 3331 1012 3402 ad
1029 3332 1113 3402 dor·
1133 3339 1135 3343 ’

121 3473 193 3522 suni
220 3468 259 3524 et
285 3453 333 3523 ad
358 3455 547 3526 sinistrum
573 3453 745 3522 lumbum
773 3449 933 3522 dolebat.
954 3452 1112 3520 Urinam

119 3589 228 3665 saepe,
253 3571 518 3642 intestinorum
542 3585 665 3640 antem
697 3581 929 3640 recrementa
957 3568 1113 3638 summis

119 3707 199 3755 cum
218 3685 416 3760 conatibus
432 3686 624 3760 reddebat.
637 3684 1112 3785 Cibosappetebat.Tamen
1134 3671 1136 3677 ’
1239 3735 1247 3752 t

156 4001 199 4080 (ι)
220 4005 313 4082 Epist.
329 4001 368 4064 36
385 4006 464 4063 etse
479 4017 622 4081 exparte.

191 4101 222 4174 5.
