2814 4674
303 411 351 483 60
468 435 518 482 nn
541 433 687 482 surmus
712 435 756 481 nr
782 431 906 481 cursis
932 433 1143 482 uonnonnu

303 547 487 638 obnoxia,
515 563 665 648 reperta
691 573 712 619 a
735 548 780 620 cl.
803 553 973 620 Fantono
1000 549 1055 646 (ι)
1077 563 1209 620 cuncta
1225 549 1327 638 fere

301 672 535 738 intestinam
554 692 670 738 unum
693 665 814 738 veluti
840 691 975 766 corpus
1003 665 1253 762 conglobata,
1278 679 1324 737 et

277 814 280 818 ·
303 783 406 856 inter
417 809 455 856 se
465 789 670 855 arctissime
684 783 964 880 conglutinata:
982 784 1324 881 ettulegerepote-

300 902 352 973 ris
366 902 406 971 in
421 900 493 973 bae
508 899 742 1000 Sepulchreti
758 905 867 990 XXI,
886 905 1052 974 sectione
1067 900 1122 997 (2)
1138 905 1319 972 intestina

274 1009 276 1016 ¹
301 1021 430 1089 omnia
450 1018 749 1115 conglomerata,
769 1034 807 1089 et
829 1018 950 1092 veluti
966 1025 1005 1088 in
1024 1018 1178 1116 globum
1200 1031 1318 1102 acta,-

297 1135 466 1231 itemque
481 1134 539 1232 (3)
560 1141 734 1208 intestina
756 1141 811 1206 ita
840 1135 896 1206 ad
915 1141 1112 1234 superiora
1126 1149 1313 1222 retracta,

298 1267 341 1322 ut
355 1257 425 1324 viu
437 1252 600 1324 mediam
615 1253 830 1324 abdominis
843 1259 1092 1352 capacitatem
1104 1249 1311 1352 implerent.

297 1369 369 1441 Sed
385 1370 425 1441 in
440 1369 543 1440 nulla
557 1369 693 1442 barum
718 1369 1024 1442 observationum
1049 1371 1237 1456 invenies,
1258 1370 1311 1440 ita

297 1503 457 1560 retracta
490 1503 527 1562 et
559 1486 783 1586 conglobata
814 1484 942 1576 luisse,
966 1502 1009 1558 ut
1038 1501 1250 1559 extrorsum
1268 1486 1309 1556 in

297 1607 595 1705 circumscripti,
608 1621 646 1678 et
660 1605 861 1705 peculiaris
873 1607 1033 1692 tumoris
1047 1602 1206 1676 formam
1219 1625 1308 1703 pro·

297 1724 505 1797 minerent:
521 1726 598 1795 imo
614 1725 654 1794 in
667 1724 814 1798 duabus
830 1723 971 1795 ultimis
987 1747 1036 1793 ne
1055 1721 1139 1794 fieri
1149 1720 1307 1821 quidem

296 1840 336 1912 id
357 1855 526 1939 poterat,
543 1844 686 1939 quippe
711 1841 926 1937 interjecta,
946 1856 989 1914 ut
1012 1842 1051 1910 in
1069 1840 1309 1938 hydrdpiciS‚

296 1982 394 2054 aqua
404 1959 567 2055 plurima
578 2012 587 2047 ,
599 1982 674 2054 qua
688 1960 906 2030 universum
917 1957 1106 2030 abdomen
1121 1956 1310 2030 distende·

294 2073 429 2160 batur,
448 2091 489 2148 ut
512 2099 638 2172 neque
664 2090 812 2173 poterat
835 2076 874 2145 in
903 2075 974 2146 alia
996 2075 1167 2162 ascitica,
1195 2075 1309 2170 cujus

295 2197 468 2263 intestina
487 2198 614 2263 omnia
626 2192 720 2263 vidit
731 2191 798 2296 Tb.
817 2191 1054 2265 Bartholinus
1070 2191 1129 2290 (4)
1143 2190 1199 2262 ad
1208 2191 1307 2272 deoc-

294 2323 393 2380 trum
408 2309 732 2408 hyporbondrium
746 2311 918 2400 detrusa,
936 2327 979 2382 ut
995 2315 1102 2382 initio
1122 2315 1304 2381 intestinis

293 2433 454 2499 caruisse
479 2429 713 2526 apparuerim
740 2444 804 2499 aut
828 2430 869 2498 in
895 2428 1033 2512 milite,
1069 2427 1202 2500 eodem
1222 2452 1301 2525 quo
1397 2511 1398 2518 χ

292 2569 354 2632 ea,
368 2544 504 2616 morbo
517 2545 729 2632 laborante,
743 2547 850 2642 cujus
861 2546 1038 2622 intestina
1049 2543 1302 2642 deprehendit
1397 2559 1398 2638 j

291 2661 457 2734 Laubius
470 2662 529 2760 (δ’)
544 2669 636 2734 mire
650 2678 845 2750 contorta,
863 2679 900 2734 et
915 2669 953 2732 in
968 2687 1082 2734 unum
1098 2666 1209 2764 quasi
1218 2659 1301 2758 gla-

291 2779 378 2852 bum
397 2781 610 2854 umbilicum
622 2806 751 2854 versus
767 2796 908 2852 coacta.
923 2766 1073 2852 Poterat
1085 2793 1209 2850 autem
1223 2776 1301 2850 for·

289 2914 384 2970 tasse
404 2897 444 2969 id
462 2896 544 2970 fieri
572 2898 637 2971 sed
656 2897 794 2972 factum
821 2898 958 2970 diserte
975 2922 1054 2968 non
1072 2895 1297 2986 adnotatur,

170 3053 173 3058 ,
291 3016 331 3084 in
349 3013 530 3087 cardinali
544 3018 763 3114 Campegi0‚
777 3016 882 3111 cujus
892 3019 1066 3085 intestina
1077 3018 1206 3084 omnia
1217 3014 1299 3112 (ex·
1397 3017 1398 3086 3

289 3132 462 3231 cipienda
478 3129 627 3234 fuerant
651 3132 724 3204 coli
739 3157 843 3231 pam,
861 3147 899 3204 et
921 3131 1091 3228 rectum)
1108 3131 1163 3202 ad
1175 3132 1296 3231 hypo·
1397 3189 1398 3206 ἢ

288 3249 471 3321 Chondria
499 3249 653 3328 redacta
674 3265 799 3336 erant‚·
817 3264 1024 3348 propterea
1042 3255 1183 3322 cavitas
1200 3251 1295 3342 infe-
1397 3251 1398 3290 ³

325 3583 367 3666 (ι)
389 3588 434 3644 De
449 3588 566 3645 observ.
578 3588 656 3646 med
670 3599 698 3644 et
705 3599 789 3644 anat
800 3587 893 3663 Epist
911 3593 937 3654 4.

323 3682 367 3765 (n)
389 3687 462 3766 Obs.
478 3687 507 3752 3,
531 3687 626 3857 §Sil-6

326 3785 371 3863 (3)
392 3751 465 3846 Obs.
482 3791 570 3858 no,§

324 3882 367 3965 (4)
389 3888 473 3942 Ceut.
494 3905 524 3958 1,
540 3882 609 3941 bist.
624 3895 704 3942 anat
721 3903 748 3941 n.

279 4059 281 4063 ι
322 3983 464 4065 (5)Eph.
479 3987 517 4044 N
531 3987 563 4044 C.
578 3995 656 4046 cent.
670 3985 789 4062 9,obs
804 3985 853 4052 64
