2740 4670
132 424 196 468 un.
222 422 279 470 111.
308 423 353 468 on
379 421 514 469 nonius
533 389 838 492 unnrnrsffleisr.
864 425 950 472 xsu.
980 401 1050 476 3¹53

65 560 126 632 per
139 535 263 630 sedem
277 535 450 632 prodire,
471 561 541 632 ego
564 539 629 632 qui
653 534 1053 634 hypochondriacum,

67 653 165 724 sicuti
182 650 313 738 studiis
327 651 537 724 litterarum
555 633 668 722 dedid
691 677 769 722 non
787 655 895 750 pauci
918 657 1055 742 solent,

66 771 180 866 ipsum
206 794 284 841 esse
303 770 380 864 jam
397 794 569 856 nossem,
588 772 753 868 primum
786 761 873 842 non’
891 773 1057 859 credidi,

65 885 235 984 postridie
254 901 378 956 autem
399 911 485 956 cum
511 886 557 956 ad
573 911 633 957 me
649 911 840 984 regressus
855 889 956 965 illam
975 915 1057 985 quae

66 1006 114 1074 sic
136 1003 248 1100 paulo
273 1018 357 1073 ante
379 1002 590 1100 prodierat,
619 1001 847 1096 afferendam
876 1023 1057 1093 curasset,

65 1136 140 1191 tum
154 1121 317 1216 denique
329 1145 371 1190 ex
386 1145 431 1190 eo
442 1120 640 1218 diligenter
653 1123 803 1218 quaesivi
816 1149 863 1193 an
875 1125 966 1194 vitio
979 1124 1059 1194 ullo

38 1313 45 1325 ,
66 1263 225 1336 unquam
240 1237 398 1332 alicujus
414 1263 458 1310 ex
476 1232 651 1309 urinairiis
665 1239 834 1336 partibus
847 1257 911 1312 aut
930 1243 996 1310 imi
1006 1243 1060 1310 in-

66 1357 183 1427 testini
211 1352 366 1426 aflectus
394 1353 539 1442 fuisset,
570 1380 618 1426 an
647 1355 778 1428 dolore
799 1374 873 1439 aut¹
890 1360 1060 1430 molestia

65 1472 136 1542 ulla
152 1474 181 1544 si
199 1497 279 1542 non
297 1472 361 1542 diu
385 1487 513 1556 antea,
534 1489 571 1544 at
591 1473 718 1547 saltem
742 1499 820 1546 non
840 1475 890 1544 ita
911 1476 1060 1572 pridem

66 1592 156 1660 inter
176 1589 422 1688 mingendum
438 1607 503 1660 aut
519 1590 774 1689 dejiciendum
787 1608 940 1664 vexatus
953 1609 1062 1686 esset,

67 1724 125 1779 aut
141 1725 233 1780 tunc
246 1723 442 1778 vexaretur
456 1762 465 1796 ,
482 1710 686 1804 cruentius
697 1708 911 1806 quidquam
923 1701 985 1805 apt
997 1735 1063 1816 pu·

66 1827 195 1898 rulenti
225 1826 403 1898 alterutra
431 1827 490 1896 via
520 1827 665 1898 exiisset
697 1841 761 1896 aut
788 1829 921 1915 exiret,
947 1843 1062 1924 atque

68 1944 128 2014 alia
146 1943 433 2040 ejusdemmodi.
455 1943 525 2014 Ille
536 1969 626 2014 vero
645 1943 723 2036 hece
743 1946 904 2041 singula,
921 1946 1062 2038 nedum

69 2064 256 2149 universa,
274 2063 318 2134 iis
336 2061 459 2159 verbis
483 2063 650 2162 negavit,
680 2089 761 2158 quae
787 2064 846 2132 vel
870 2065 910 2134 in
937 2067 1065 2150 minus

68 2181 227 2278 ingenuo
240 2179 396 2250 homine
413 2178 525 2250 fidem
545 2177 719 2252 facerent.
742 2181 872 2266 Nulla,
891 2197 933 2252 ut
947 2182 1065 2268 videS,

68 2294 122 2366 hic
137 2294 257 2368 fuerat
275 2323 319 2368 ex
339 2299 456 2368 causis
477 2322 570 2394 quas
591 2297 701 2394 paulo
721 2313 806 2370 ante
835 2324 1064 2392 commemo·
1149 2335 1174 2386 ῃ

68 2416 161 2498 ravi,
182 2439 261 2486 non
280 2415 412 2486 calculi
430 2415 615 2501 exsectio,
644 2441 722 2508 non
752 2417 968 2504 abscessus,
984 2443 1068 2508 nonn

69 2556 185 2619 casus,
205 2558 284 2606 non
303 2533 421 2620 ictus,
439 2535 570 2605 nonin
583 2535 703 2608 vesica
718 2549 781 2628 aut
793 2516 949 2626 renibus
958 2535 1063 2632 lapis,

68 2675 139 2720 non
168 2637 285 2722 urinae
301 2651 341 2722 in
359 2650 422 2722 illa
445 2667 509 2722 aut
530 2650 595 2730 his
627 2653 862 2748 suppressiO,
878 2669 915 2724 et
938 2668 1064 2722 tamen

68 2769 191 2856 urina,
216 2783 252 2838 et
276 2792 370 2868 saepe
390 2769 558 2866 quotidie
589 2768 698 2838 simul
718 2794 737 2838 e
756 2771 895 2857 vesica,
916 2769 1064 2842 simule

69 2885 196 2981 podice
217 2884 366 2974 exibat,
387 2911 505 2982 eaque
521 2886 598 2984 ipsa
619 2911 700 2982 quae
718 2885 905 2982 epodice,
926 2902 968 2956 ut
986 2886 1067 2981 plu-

68 3002 200 3072 rimum
225 3003 304 3073 sine
322 3003 395 3072 alvi
412 3004 674 3090 recrementiS,
690 3019 730 3090 ⁴et
754 2993 813 3074 sic¹
832 3003 877 3074 ad
904 3018 1066 3074 mortem

69 3141 207 3216 usque,
233 3118 280 3191 ab
307 3119 379 3191 alio
405 3120 542 3191 morbo
569 3119 740 3206 allatam,
769 3119 892 3212 idest
916 3143 1066 3192 menses

69 3238 228 3324 multos,
252 3239 415 3335 perrexit
431 3238 573 3335 absque
592 3238 668 3313 ulla
695 3238 865 3312 molestia
890 3239 998 3326 exire.
1031 3241 1066 3329 Is

70 3377 152 3423 cum
165 3354 342 3441 decessit,
357 3380 426 3452 ego
441 3354 537 3426 forte
552 3356 723 3453 lupatria
740 3355 889 3450 longius
899 3352 1067 3446 aberam,

71 3490 171 3546 utne
187 3477 336 3548 veniam
365 3475 518 3572 quidem
545 3476 693 3546 licuerit
722 3489 849 3574 petere
881 3473 1068 3546 cadaveris

71 3593 354 3688 perscrutandi,
376 3610 436 3680 et,
454 3593 559 3691 quod
578 3596 617 3664 in
642 3595 728 3662 vivo
750 3592 957 3689 intelligere
984 3593 1069 3663 satis

72 3735 146 3780 non
177 3727 369 3810 poteram,
402 3737 446 3783 ex
474 3727 627 3782 mortuo
658 3708 812 3782 fortasse
839 3708 1068 3780 addiscendi.

72 3825 140 3898 Sed
163 3827 345 3900 hactenus
374 3827 461 3898 haec.
492 3830 682 3899 Proximus
709 3828 848 3902 litteras
879 3827 1069 3922 aliquanto

73 3941 260 4018 breviores
278 3945 511 4042 expectabiS‚
529 3961 565 4016 et
577 3945 727 4018 valebis.

142 4062 173 4133 5.
858 4059 902 4130 23
