2814 4674
153 439 215 483 tm.
235 437 290 482 111.
320 437 366 480 ue
392 433 528 482 aroneis
546 433 715 496 vaurms,
741 432 852 479 emer.
880 432 1000 478 xxxix.
1055 410 1101 481 ‘25

108 551 318 648 phragmate
340 561 405 620 aut
424 546 634 646 pregrandi
648 547 839 642 jecinore:
859 547 966 642 cujus
979 547 1102 618 ultimi

108 668 244 765 generis
264 666 468 764 presertim
496 679 583 736 sunt
604 663 686 734 due:
712 663 993 736 observationes
1012 669 1103 736 Fan-

108 786 180 854 toni
190 785 305 881 patris
320 783 398 880 (1):
417 807 500 880 quae
519 783 645 852 omnia
664 781 834 880 exempla
854 780 1103 856 hiceomme-

109 925 226 972 moro:
242 915 284 970 ut
297 901 503 998 generatim
518 897 681 1002 indicem
697 897 950 996 depressionis
962 923 1102 988 eausas3

108 1041 180 1088 non
199 1015 303 1114 quod
320 1041 449 1088 revera
464 1018 502 1086 in
520 1015 806 1114 hypogastrium
827 1039 948 1112 usque
975 1015 1103 1088 detru-

107 1158 163 1207 sus
175 1151 273 1206 esset
288 1135 531 1208 ventriculus.
552 1137 596 1204 In
618 1133 860 1231 hypogastrio
878 1133 1031 1230 quidem
1056 1131 1103 1204 ab'

106 1251 285 1349 Ruyschio
307 1251 362 1348 (α)
393 1267 617 1349 conspectus
644 1266 716 1337 est,
738 1257 829 1322 'cum
857 1251 1023 1323 molieris
1053 1250 1100 1322 ab

105 1368 278 1442 asthmate
300 1384 458 1441 morture
484 1367 642 1440 cadaver
661 1367 855 1440 incideret.
881 1368 952 1440 Sed
976 1393 1100 1465 neque

107 1511 205 1560 causa
221 1487 411 1558 indicatur
428 1511 496 1558 cur
513 1488 591 1584 ipse
607 1511 690 1557 cum
708 1491 908 1572 intertium,
921 1486 1009 1557 'loco
1032 1503 1112 1558 suo:

103 1603 266 1675 naturali
288 1605 436 1691 relicto,
454 1604 740 1702 hypogastrium
764 1619 1003 1702 occupasset,
1031 1605 1102 1675 nee

103 1747 179 1818 quae
197 1723 386 1794 ,inusitate
407 1721 495 1792 huic
525 1720 604 1792 sedi
632 1719 874 1798 incommoda
894 1723 936 1789 in
955 1722 1102 1799 vivente

103 1821 392 1937 responderent}
415 1861 507 1935 quas
517 1837 567 1908 ob
579 1861 707 1910 causas
721 1837 843 1908 sciens
855 1838 989 1908 omitto
1004 1838 1103 1922 alias,

103 1954 698 2054 minorispraesertim‚descensus
709 1949 1002 2026 observationes.
1013 1955 1104 2045 Quae

104 2089 220 2146 autem
234 2099 358 2172 nuper
374 2074 566 2146 adnotavit
581 2073 625 2144 cl.
646 2073 703 2142 vir
716 2072 948 2143 Molineliius
962 2072 1039 2169 (3),
1056 2071 1105 2160 ad

105 2193 344 2287 conjunctum
359 2192 483 2288 potius
496 2189 672 2262 morbum
689 2190 869 2278 alterum,
889 2205 930 2282 nt
946 2190 1104 2287 opinor,

107 2308 331 2394 attinebant,
351 2306 522 2380 videlicet
540 2306 587 2378 ad
612 2307 800 2403 ingenteni
818 2306 1030 2404 durumque
1044 2323 1104 2379 tu-

105 2451 265 2514 morem,
288 2427 438 2498 initium
466 2449 622 2523 prorsus
644 2423 907 2496 occludentem
937 2420 1106 2496 duodeni

110 2545 296 2633 intestini,
317 2543 419 2615 unde
446 2567 524 2614 non
547 2543 666 2614 solum
695 2539 939 2613 difficillimus
959 2566 1003 2614 ac
1029 2543 1109 2614 diu·

105 2677 230 2736 turnus
247 2664 417 2732 omnium
436 2662 598 2732 vomitus
616 2675 653 2730 et
674 2661 813 2730 macies
824 2667 992 2746 summa,
1012 2676 1048 2732 et
1060 2661 1109 2730 ic·

104 2781 237 2852 tericus
256 2779 384 2866 color,
402 2803 533 2850 verum
553 2783 662 2848 etiarn
681 2777 881 2854 ventriculi
898 2778 1016 2873 repeti
1037 2802 1107 2874 po·

104 2911 168 2969 test
185 2893 408 2993 magnitudo
430 2894 640 2980 inamata,
660 2893 767 2965 atad
780 2900 968 2989 regionem
991 2917 1107 2990 usque

100 3015 207 3110 pubis
220 3011 456 3084 descenderet
471 3027 507 3083 et
519 3012 799 3110 hypogootn'um
816 3011 1107 3107 occuparetfere

108 3146 242 3217 totum,
258 3145 301 3202 ut
318 3145 354 3201 et
365 3128 552 3226 aesophagi
568 3130 670 3225 justo
692 3130 810 3224 major
829 3127 1050 3225 longitudo,
1070 3144 1107 3201 et

108 3247 204 3343 quod
222 3247 486 3344 consequitur,
496 3244 695 3320 ventriculi
701 3243 918 3344 prolapsus.
932 3246 1104 3346 Namque

108 3380 144 3436 ut
158 3363 209 3436 ob
226 3365 326 3436 iilius
345 3365 503 3434 tumoris
522 3362 672 3460 pondus
692 3371 861 3436 annexus
875 3361 1030 3458 pylorus
1043 3357 1107 3434 ‹te-

108 3483 265 3581 pressior
283 3495 379 3569 erat,
397 3481 450 3551 sic
471 3479 521 3552 ob
538 3481 604 3550 viae
625 3479 672 3553 ab
690 3477 764 3548 boc
783 3478 829 3549 ad
848 3479 1023 3551 intestina
1041 3503 1105 3550 oc-

142 3775 184 3852 (ι)
204 3777 283 3842 01η.ι
297 3777 374 3833 med.
388 3788 467 3834 anat.
483 3775 500 3834 5
513 3788 542 3836 et
558 3784 606 3846 ²4·

143 3875 182 3952 (αἴ
204 3877 277 3933 Obs.
291 3886 371 3932 auat.
385 3877 460 3933 chir.
475 3875 521 3932 56.

143 3973 182 4056 (3)
202 3978 366 4038 Commeat.
378 3976 415 4036 de
426 3977 540 4037 Bonon.
553 3975 601 4032 Se·
613 3973 706 4032 Aead.
718 3983 790 4030 tom.
807 3991 841 4042 a,
851 3989 886 4048 p.
901 3992 913 4028 1
926 4013 936 4044 ,
949 3971 981 4028 in
991 3971 1100 4032 medic.
