2740 4670
298 425 371 520 dio
464 441 510 502 ot
536 441 682 502 scurrus
707 451 752 500 rr
776 443 901 502 ctusrs
926 445 1137 504 »corrosuri
1233 459 1238 475 ·

296 567 533 666 occupabant
551 565 718 663 ejusdem
739 591 841 638 acea
856 567 1017 678 eoloris,
1036 569 1292 666 glauduiaium

297 688 514 783 exiguarum
544 683 682 772 forma,
709 685 949 768 duriuscule,
968 687 1110 759 alicubi
1128 686 1294 760 fermeiu

297 806 550 902 quincuncem
568 799 758 900 disposita.

345 948 402 1018 29.
421 923 501 991 Viri
520 920 698 1007 cadaver,
722 922 788 1018 qui
810 945 831 992 a
857 920 1060 1019 pleuritide
1087 925 1195 1019 quasi
1214 949 1296 1021 qua·

295 1039 381 1110 dam
407 1047 578 1112 mortuus
598 1037 814 1126 dicebatur,
837 1041 873 1108 iu
895 1041 1131 1137 gymnasium
1159 1042 1296 1112 illatum

296 1171 381 1273 est,
401 1181 487 1227 cum
511 1155 563 1226 ibi
589 1172 791 1226 anatomen
819 1156 1019 1242 docerem,
1045 1157 1116 1228 sub
1140 1160 1295 1254 junuarii

294 1272 520 1366 finemauui
543 1273 644 1371 ¹75⁰·
662 1273 831 1346 Thorace
840 1276 1009 1362 recius0,
1023 1277 1156 1348 vitium
1173 1302 1295 1352 revera

294 1393 490 1490 multiplex
510 1391 547 1461 in
566 1417 612 1462 co
633 1391 914 1488 deprehensum
933 1409 998 1464 est.
1022 1393 1189 1465 Plurima
1204 1397 1297 1466 euim

298 1526 335 1583 'et
354 1512 390 1580 in
406 1514 487 1607 ejus
504 1510 619 1595 cavis,
641 1525 677 1579 et
697 1511 742 1580 iu'
756 1511 968 1622 pericardio
986 1535 1082 1608 aqua
1103 1510 1198 1584 fuit:
1221 1513 1298 1612 pul·

296 1641 446 1714 munes,
475 1627 675 1698 asinistris
703 1629 929 1726 praesertim,
958 1652 1095 1727 magua
1127 1646 1296 1729 exparte
1367 1667 1368 1720 j

295 1746 340 1818 ad
361 1745 530 1844 pleuram
557 1744 675 1832 assuri,
694 1761 731 1816 et
757 1746 897 1818 alicubi
922 1748 1101 1818 subduri:
1121 1749 1221 1819 inter
1243 1772 1296 1820 eas
1367 1785 1368 1820 t

294 1864 488 1965 glandulas
507 1887 589 1961 quae
607 1864 652 1934 ad
668 1864 826 1961 primam
847 1864 1125 1936 bronchiorum
1144 1885 1232 1937 sunt
1248 1866 1295 1936 di÷

291 1985 475 2055 'visionem
494 2007 569 2053 uua
589 1997 843 2054 transversum
866 1983 1040 2080 pollicem
1061 1983 1184 2082 longa.
1200 1989 1292 2054 Con-⁴

293 2101 392 2174 suito
413 2100 474 2172 hio
495 2102 630 2171 omitto
646 2127 729 2198 quse
750 2100 840 2172 alibi
868 2099 1002 2171 melius
1022 2099 1163 2188 dicam,
1181 2103 1289 2172 trian-

217 2317 224 2322 ᾖ
290 2218 444 2318 ¹gularos
477 2217 641 2315 pectoris
662 2217 854 2290 musculos
889 2220 1171 2316 propemodum
1200 2234 1289 2290 totos

293 2335 383 2406 huic
407 2361 426 2404 a
447 2351 580 2409 natura
605 2333 790 2407 defuisse:
819 2361 839 2406 e
858 2334 982 2410 fibutae
1004 2337 1289 2411 autem'alterius

293 2476 471 2550 supremo
507 2454 686 2524 interiore
721 2453 834 2525 latere
875 2477 1095 2551 processum
1128 2477 1290 2539 osseum,
1366 2525 1367 2536 ,

294 2569 463 2668 styloidis
486 2571 742 2659 simillimum,
770 2571 944 2644 extitisse.
976 2570 1048 2642 Sed
1072 2594 1115 2642 ea
1139 2593 1290 2668 quorum

275 2690 530 2789 potissimum
549 2713 659 2760 causa
685 2688 785 2759 hanc
804 2688 969 2761 scribere
997 2687 1290 2761 obseruationem
1366 2749 1367 2794 ,

291 2808 441 2906 incepi,
459 2831 538 2880 nou
566 2808 749 2876 omittam.
777 2805 1052 2878 'Communibus
1075 2809 1230 2878 testium
1249 2821 1292 2877 ιιιὁ
1366 2809 1367 2854 ³

293 2926 388 2996 uicis
413 2923 614 3010 detractis,
646 2923 717 2995 sub
744 2949 904 3021 quarum
925 2923 988 2994 itta
1017 2949 1101 3022 quoe
1135 2940 1292 2996 scrotum

295 3043 450 3141 proprie
483 3041 641 3128 dicitur,
661 3040 1014 3139 piusping'uedinis,
1032 3042 1163 3113 inimo
1175 3045 1292 3127 etiam,

259 3253 265 3262 ι
293 3159 369 3230 vidi
382 3215 391 3248 ,
404 3183 518 3258 quam
533 3161 572 3229 in
592 3153 748 3229 homine
766 3160 969 3256 pracsertim
992 3183 1071 3228 uon
1089 3159 1201 3232 vaide
1220 3161 1293 3258 pin⁴

293 3279 358 3376 gui
375 3293 650 3374 expectassem,
680 3290 767 3347 cum
789 3277 953 3373 reliquas
975 3275 1023 3347 ab
1045 3277 1170 3349 altero
1191 3277 1293 3349 intere
1365 3333 1366 3346 ,

294 3397 374 3492 ipse
395 3395 627 3481 incidissem,
656 3419 728 3464 nec
746 3393 916 3466 humoris
935 3393 1143 3491 quidquam
1172 3393 1295 3491 evagi-
1365 3413 1366 3422 ¹

293 3512 392 3586 ualis
421 3535 513 3582 cavo
540 3509 703 3584 defluere
730 3499 1107 3600 animaduertissem
1135 3513 1293 3586 inciusur

293 3643 420 3699 tamen
439 3629 634 3701 testiculus
655 3653 775 3728 prope
794 3644 1002 3712 extremum
1031 3633 1207 3727 superius
1222 3649 1291 3727 part

295 3770 377 3815 vam
389 3743 1288 3852 hapuirexcrescentiamruhettam,exalbuginea

293 3876 514 3934 exstantem.

342 3981 401 4054 30,
420 3983 507 4053 Post
525 3979 604 4052 haec
630 3980 768 4055 addere
786 4007 864 4056 uon
886 3982 1018 4060 attinet
1037 3981 1235 4078 juvenem,
1247 3975 1284 4048 dt
