2740 4670
140 451 212 496 ιιι.
246 449 303 495 ιιι.
334 449 379 494 ort
406 445 543 494 uoums
563 445 735 510 vaurms,
760 445 873 492 urrsr.
900 445 1003 496 xum.
1032 423 1115 513 405*

84 566 228 634 tomica
248 565 336 632 XIV
350 559 425 658 (1),
438 559 501 632 bic
521 561 657 632 iterare
675 583 753 630 non
771 573 825 632 est
844 584 988 658 operae3
1006 579 1103 634 arte·
1193 581 1196 586 ’
1270 631 1271 638 ,

85 683 149 752 riae
184 705 336 778 magnae
360 693 520 750 truncus
546 680 735 749 interiore*
760 674 852 748 facie
879 679 1017 776 passim
1045 681 1104 750 in-

82 813 226 869 ventus
250 811 306 868 est
320 794 595 894 inequalisbic
608 795 706 882 illic,
733 809 797 866 aut
817 818 945 867 osseus
965 787 1105 902 factm,

84 929 151 985 aut
167 913 218 986 ad
230 937 384 986 osseum
393 913 591 984 inclinans.
611 916 663 982 Ex
681 912 843 984 coeliacae
858 927 983 986 autem
994 915 1108 988 ramis

87 1032 152 1102 ille
166 1033 239 1130 qui
253 1029 456 1102 ventriculi
475 1029 593 1101 fundo
607 1029 865 1120 subtenditur,
890 1032 998 1102 miris
1011 1031 1108 1104 adeo

84 1164 128 1220 ut
157 1173 364 1281 nunquam
386 1149 437 1219 ita
469 1149 747 1246 conspexerim,
769 1147 904 1219 wmodis
925 1149 1032 1246 quasi
1066 1175 1105 1221 ιιι

86 1267 361 1344 cincinnorum
394 1263 554 1336 formam
586 1290 624 1338 se
650 1289 690 1337 se
713 1279 817 1338 totus
843 1265 1111 1370 intorquebat

87 1385 224 1483 saepius
243 1409 283 1456 se
309 1399 522 1456 retrorsum
545 1381 755 1458 inflectens
781 1383 915 1454 Vesica
939 1385 1104 1456 urinaria
1181 1391 1182 1396 ’

86 1501 124 1570 in
148 1523 189 1573 se
209 1501 375 1572 maxime
391 1515 603 1589 contracta,
625 1525 763 1586 crassa,
794 1499 907 1589 dura,
929 1501 1006 1570 aeri
1031 1502 1104 1572 im·

87 1619 204 1690 misso
216 1614 567 1707 renitens‚dil'atari
583 1641 662 1688 non
681 1619 814 1716 potnit.
835 1621 942 1689 Intus
955 1619 1103 1716 sangui-

88 1735 254 1808 noleuto
279 1734 437 1824 rubore,
469 1736 577 1833 quasi
602 1735 651 1807 ab
675 1731 992 1823 inflammatione,
1025 1750 1105 1807 erat
1213 1791 1217 1799 .

89 1853 338 1924 circumcirca
358 1851 497 1926 infecta
516 1853 591 1925 ad
581 1877 695 1924 unam
717 1857 775 1924 sui
789 1868 949 1951 partem,
969 1877 1044 1950 qua
1057 1877 1103 1926 ex

88 1969 217 2045 medio
253 1969 453 2042 ambitus
444 1958 563 2069 rpsius
586 1971 749 2042 uretbrae
781 1968 914 2042 orificii
936 1969 1015 2042 ab
1007 1985 1103 2042 mte-

89 2087 191 2158 riore
202 2088 442 2186 ,eademque
467 2091 676 2187 posteriore
696 2087 790 2160 facie
818 2087 1104 2186 protuberantia

96 2205 195 2276 intra
215 2207 379 2277 vesicam
402 2205 587 2295 exstabat,
606 2206 809 2278 mediocris
820 2231 901 2276 uvae
912 2207 1010 2278 acini
1026 2204 1105 2276 for-

92 2345 169 2410 ma,
183 2338 223 2394 et
244 2323 517 2422 magnitudine.
534 2327 628 2415 Quae
643 2322 929 2422 protuberantia
943 2324 1010 2394 etsi
1022 2325 1110 2421 ipsa¹

96 2463 256 2539 quoque
283 2465 304 2511 a
336 2441 507 2514 distentis
540 2439 761 2540 sanguiseris
784 2433 943 2512 vasculis
963 2440 1104 2512 ibidem

94 2555 281 2647 rubebat;
306 2573 432 2630 tamen
465 2559 567 2631 intus
612 2585 657 2630 ex
692 2557 795 2646 alba,
833 2573 1105 2656 compactaque
1192 2573 1202 2614 s

96 2669 211 2746 fiebat
229 2673 465 2763 substantia,
483 2677 522 2745 in
541 2701 655 2774 quam
673 2671 871 2748 manifesto
889 2699 928 2746 se
940 2689 1106 2772 prostata

91 2781 278 2886 ¹glandula
293 2791 538 2891 producebat.
557 2796 731 2892 Denique
750 2793 905 2863 testium
920 2791 1014 2862 alter
1024 2815 1108 2888 par·
1188 2797 1191 2802 '

98 2911 273 2982 vusintra
285 2935 421 3008 aquam
431 2926 510 2982 erat
521 2911 700 2999 multam,
718 2935 800 3006 quae
813 2911 849 2979 vi
859 2905 999 3006 frigidae
1010 2923 1107 2978 temo

100 3029 252 3122 pestatis
271 3029 310 3098 in
328 3028 459 3126 glaciei
478 3027 642 3116 lamellas
661 3042 828 3125 exparte
848 3039 1103 3120 concreverat.

102 3146 191 3214 Eam
218 3147 347 3218 tunica
365 3147 545 3244 vaginulis
563 3143 897 3242 complectebatur.
922 3147 976 3212 Ex
999 3141 1107 3213 albu-

102 3261 213 3356 ginea.
229 3279 352 3336 autem
372 3280 453 3335 tum
467 3248 541 3362 qua
560 3263 775 3335 testiculum
792 3259 978 3354 vestiebat¹
987 3283 1109 3358 prope

101 3381 285 3475 majorem
303 3380 567 3480 epididymidis
587 3379 760 3478 globum,
779 3394 859 3450 tum
877 3403 1008 3478 quase
1026 3403 1110 3476 pro

108 3493 250 3571 ducens
270 3499 372 3570 bunc
400 3501 523 3597 ipsum
544 3497 699 3600 globum
724 3495 937 3598 operiebat,
965 3521 1009 3566 ex
1035 3496 1111 3566 sin·
1169 3513 1171 3518 ·

104 3614 224 3707 gulis,
255 3619 432 3714 inquam,
459 3615 520 3688 vbis
552 3617 646 3686 locis
670 3613 817 3720 singula
845 3611 1139 3717 prominebant,

154 3981 196 4066 (1)
217 3989 255 4051 N·
277 3985 328 4048 62.
