2740 4670
144 431 205 478 cu.
231 430 285 477 m.
312 429 359 476 nc
384 427 520 476 nonnis
538 426 708 492 verram,
734 427 844 476 amsa.
871 429 973 477 xcrn.
1002 404 1071 506 357

94 544 121 614 ri
132 543 217 613 adeo
229 543 300 617 coli
316 541 483 629 vincula,
500 557 541 614 ut
552 543 675 614 sinant
687 539 761 612 hoc
774 545 877 639 sequi
887 544 1076 617 trahentia

94 671 153 732 suo
169 662 331 758 pondere
356 663 482 732 tenuia
508 661 701 746 intestina,
725 675 761 732 et
788 661 847 732 vel
871 663 989 759 ipsam
1016 687 1077 761 ap·

94 779 339 873 pendiculam,
367 778 534 850 seduna
564 801 650 848 cum
679 799 795 864 caecO,
822 778 861 847 in
889 779 1077 850 sinistram

93 897 194 967 scroti
207 911 348 992 partem
367 893 524 992 prolabi.
547 893 618 966 Sed
634 893 680 965 de
695 895 838 992 magnis
857 896 1078 970 enterocelis

94 1013 153 1082 erit
169 1014 274 1084 etiam
300 1010 397 1082 infra
413 1011 467 1108 (1)
482 1010 670 1083 scribendi
689 1011 804 1084 locus.
826 1015 960 1100 Nunc,
991 1037 1079 1084 cum

94 1129 170 1201 alias
189 1129 277 1202 alibi
297 1145 377 1200 tum
398 1128 642 1226 epiploceles,
660 1143 740 1200 tum
765 1123 995 1201 enteroceles
1011 1128 1080 1200 ob-

94 1249 307 1318 servationes
322 1271 365 1317 ex
377 1245 546 1318 valsalva
561 1243 629 1316 tibi
640 1245 964 1345 descripserimns3
975 1245 1089 1336 duas,

94 1389 165 1462 quae
187 1365 339 1460 reliquae
361 1379 448 1434 suut
470 1362 583 1458 hujus
604 1363 722 1432 ultimi
746 1366 912 1460 generis,
935 1365 1081 1437 medio-

95 1483 200 1562 crium
218 1482 305 1554 licet
324 1478 486 1567 fuerint,
504 1479 565 1551 bic
585 1478 836 1574 subjiciemus.

135 1603 164 1686 4.
183 1577 347 1697 Pauper,
367 1621 486 1668 annos
497 1613 605 1668 natus
625 1599 833 1694 sexaginta,
853 1598 1004 1694 pessimi
1019 1596 1083 1670 ba·

94 1711 200 1804 bitus,
218 1714 441 1803 herniosus,
458 1710 594 1810 frigido
613 1715 689 1783 aeri
710 1715 920 1810 expositus,
940 1713 1083 1788 viribus
1131 1739 1132 1742 ’

95 1829 247 1906 fortasse¹
263 1829 527 1904 deficientibus
546 1829 661 1917 cadit,
686 1831 929 1928 mediumque
949 1856 992 1904 os
1012 1831 1084 1902 hu·

95 1951 177 2020 meri
189 1924 342 2049 frabgit3
361 1947 492 2022 faciem
508 1961 600 2020 vero
613 1948 743 2020 leviter
759 1948 969 2020 contundit.
994 1951 1081 2020 Nou

97 2067 202 2138 multo
212 2083 298 2166 post
312 2081 483 2164 tempore
504 2067 640 2136 interit.

136 2188 271 2256 Ventre
289 2199 444 2281 aperto,
464 2183 497 2254 si·
511 2207 596 2256 vasa
613 2181 731 2254 lactea
742 2181 853 2280 chylo
865 2183 1013 2281 turgida
1024 2207 1086 2256 ex·

97 2301 221 2398 cipias,
240 2329 260 2376 e
279 2326 419 2400 magno
431 2315 554 2372 tractu
570 2302 855 2390 intestinorum,
875 2280 1003 2388 ninus,
1020 2301 1088 2400 qui

96 2416 175 2490 alibi
186 2420 531 2518 permesenterium
543 2418 812 2507 occurrebant,
829 2419 1088 2518 lymphaeduc·

96 2534 188 2610 tibus
204 2537 430 2633 interjectis,
462 2553 589 2608 exorta
609 2553 646 2608 et
666 2537 735 2608 alia
764 2537 947 2633 ejusmodi
970 2539 985 2633 (
1005 2561 1090 2635 quae

97 2652 137 2724 ad
156 2655 312 2728 alterum
339 2663 531 2728 servamus
549 2655 673 2726 lucum
689 2653 703 2749 )
722 2653 818 2724 nibil
846 2655 1092 2727 adnotatione

98 2767 451 2868 dignumvoccurrit,
470 2788 618 2871 praeter
648 2773 912 2870 intestinorum
943 2773 1090 2869 ¹partem

88 2889 171 2984 ‘quae
188 2915 232 2960 ex
258 2905 389 2962 ventre
418 2891 458 2960 in
484 2889 667 2986 annulum
685 2915 705 2961 e
726 2891 931 2986 peritunaeo
950 2887 1092 2959 sactum-

98 3006 279 3105 prolapsa,
299 3011 444 3094 scroto,
459 3023 501 3080 nt
519 3008 684 3095 solebat,
704 3006 949 3078 condebatur.
989 3007 992 3012 ’
1032 3047 1036 3060 «

141 3123 315 3196 Thoracis
334 3127 524 3198 sinistam
548 3149 678 3196 cavum
703 3149 800 3214 cnm,
813 3125 1094 3214 recluderetur,

100 3237 140 3309 ab
156 3242 326 3340 ingressu
342 3244 437 3314 aeris
457 3241 558 3313 illico
584 3267 663 3314 nou
684 3225 791 3314 secus
809 3267 851 3314 ac
874 3243 912 3312 in
939 3235 1094 3312 viventi·

99 3352 163 3427 bus
180 3357 308 3430 bestiis
333 3359 498 3430 concidit
517 3359 668 3458 pulnm3
689 3360 901 3457 quud'vero
916 3385 936 3430 a
953 3357 1100 3431 <tennis

101 3470 283 3546 observari
302 3498 381 3547 non
398 3478 529 3574 potuit.
550 3481 731 3548 Caeterum
752 3478 831 3548 sani
851 3492 958 3548 eraut
981 3475 1098 3547 ambo

101 3590 304 3685 pulmones.
320 3597 364 3666 Iu
380 3593 537 3666 cerebro
548 3594 690 3692 aliquid
701 3621 806 3693 aquae
819 3594 1097 3684 continebatur,

97 3810 1102 3838 mmm

129 3960 181 4042 (ι)
196 3967 237 4026 Ν·
261 3985 288 4042 7·
