2740 4670
286 459 356 532 360
455 479 501 527 nr
528 475 672 526 scurrus
697 439 741 523 cr
767 473 890 524 crusts
916 471 1125 525 nonnosus(

279 599 485 695 peritonoe'i
497 596 791 666 continuitatem.
805 590 863 659 Sic
877 591 917 660 in
933 590 1002 660 ista
1019 615 1101 688 quae
1113 589 1189 661 huc
1207 587 1272 661 atti·

287 727 374 799 net,
392 708 626 807 Sepulchreti
643 709 807 778 sectione
822 707 990 794 XXXIX,
1015 709 1054 776 in
1068 731 1180 804 qnam
1195 706 1274 776 nihil

188 849 191 854 ·
290 829 336 901 de
347 827 501 898 Arantio
521 825 682 896 relatum
699 825 862 894 invenio.
878 823 1079 894 Hildanurn
1094 823 1157 921 (1)
1170 823 1275 922 leges,

287 945 487 1017 Riolanum
516 941 595 1039 (α),
632 939 847 1012 Barbettum
875 939 954 1037 (3),
985 929 1124 1037 quibus
1154 941 1276 1012 addere

283 1049 399 1160 'potes
410 1059 640 1156 Ruyschium
654 1059 716 1156 (4)
728 1074 764 1130 et
782 1059 1008 1130 Benevolum
1024 1057 1086 1156 (5)
1097 1058 1196 1130 idem
1207 1084 1277 1130 con·
1341 1057 1342 1060 ’

290 1179 493 1248 firmantes.
514 1177 614 1267 Quin
635 1176 696 1245 hic
712 1176 866 1247 ultimus
880 1201 964 1246 cum
982 1176 1069 1274 plus
1084 1177 1222 1248 centies
1233 1199 1279 1246 oc·

293 1297 479 1368 cessionem
513 1293 704 1366 habuisset
735 1293 811 1362 haec
839 1293 1058 1391 indagandi,
1083 1293 1278 1390 Ruyschius

291 1429 415 1486 autern
427 1437 505 1483 non
518 1413 643 1483 minus
657 1435 772 1508 saepe;
793 1425 951 1509 uterque
962 1427 1088 1482 tamen
1102 1435 1281 1508 nunquam

291 1547 447 1628 ruptum
463 1531 502 1599 in
520 1529 662 1599 herniis
676 1530 920 1625 peritonaeum
938 1526 1049 1600 fuisse
1070 1515 1279 1600 usseverant.
1347 1561 1348 1564 ¹

291 1653 337 1720 At
353 1639 475 1730 eninr,
493 1648 637 1744 inquis,
662 1646 836 1716 Arantius
863 1671 942 1716 non
963 1637 1073 1742 negat
1092 1668 1202 1744 posse
1223 1645 1280 1717 dis·
1349 1690 1350 1712 t

290 1767 437 1863 rumpi3
457 1763 653 1834 Barbettus
671 1779 794 1834 autem
813 1765 843 1833 si
869 1764 983 1860 paulo
1001 1761 1098 1834 infra
1117 1763 1181 1862 (6)
1198 1765 1281 1861 lega-

290 1900 374 1971 tur,
406 1884 457 1954 sic
482 1881 674 1977 loquitur,
704 1864 809 1976 quasi
832 1883 871 1950 in
892 1880 1024 1951 hernia
1055 1905 1170 1978 quam
1195 1905 1281 1953 nunc

291 2016 429 2072 vocant
453 1996 660 2085 crinalem,
688 1996 901 2096 disruptum
934 2001 1182 2096 conspexerit.
1211 2000 1281 2068 Non

294 2120 344 2188 ait
365 2133 490 2187 tamen
509 2115 647 2186 diserte
663 2139 701 2185 se
716 2117 963 2214 conspexisse.
982 2116 1128 2188 Diserte
1144 2141 1232 2188 vero
1244 2116 1283 2184 vi·

294 2235 392 2305 disse
406 2258 445 2304 se
459 2247 598 2330 negant
616 2247 827 2330 praeterens
844 2258 941 2330 quos
955 2233 1138 2321 diximus,
1158 2235 1236 2322 atii,
1251 2238 1282 2303 in

294 2351 427 2450 primis
454 2348 696 2421 Manchartus
722 2349 803 2448 (7),
831 2352 897 2447 qui
921 2351 960 2422 in
980 2351 1167 2424 herniosis
1195 2353 1284 2450 quin·

298 2477 393 2566 que,
411 2467 566 2538 sollicite
579 2470 629 2538 ab
641 2491 679 2538 se
694 2474 732 2537 in
750 2469 848 2538 tanc
865 2493 942 2540 rem
957 2469 1138 2557 dissectis,
1155 2474 1286 2542 nonnisi

228 2625 231 2629 ·
295 2585 497 2657 dilatatum
522 2587 783 2682 peritonaeum‚
813 2609 1005 2683 nunquam
1032 2611 1124 2658 vero
1151 2602 1287 2686 ruptum

297 2727 336 2774 se
353 2703 535 2802 reperisse
564 2701 784 2790 confirmat,
810 2702 874 2773 sed
899 2717 935 2773 et
958 2703 1202 2774 celeberrimis
1223 2702 1287 2774 elti-

298 2825 418 2915 rurgis
431 2822 700 2890 Parisiensibus
712 2873 722 2907 ‚
735 2843 838 2915 iquos
848 2817 895 2889 de
904 2819 977 2889 hac
989 2835 1153 2918 ruptura
1173 2843 1287 2892 consu·

298 2937 386 3021 tuti,
412 2951 508 3006 certe
522 2961 717 3034 nunquam
741 2937 946 3021 obvenisse,
969 2936 1056 3007 licet
1073 2937 1287 3036 amplissima

299 3054 371 3124 illis
386 3053 526 3146 affluat
548 3059 692 3124 occasio
715 3059 752 3122 in
776 3054 925 3124 isernias
951 3053 1172 3151 inquirendi.
1192 3059 1232 3125 Et
1247 3075 1286 3122 ne
