2726 4676
149 433 215 480 tin.
244 433 299 478 ιιι.
329 433 374 478 nrt
401 427 537 478 nonnis
558 431 726 494 veternis,
751 434 863 480 erist.
891 437 979 488 xcii.
1008 415 1078 489 303
1195 448 1197 454 ’

78 546 188 618 modo
205 541 421 631 inferiores,
438 559 478 614 et
494 544 654 630 medias,
673 544 790 617 sedet
806 572 973 623 summas
993 579 1079 652 par·

80 681 128 737 tes
138 665 267 742 vesicae
278 678 428 736 tenent:
446 687 528 760 quae
544 687 634 734 curn
652 689 698 734 ex
711 667 803 736 meis
818 667 1079 744 illisobserva-

79 781 258 870 tionibuS‚
289 798 369 853 turn
391 782 604 855 evidentius
638 807 683 853 ex
708 783 859 856 duabus
893 786 1079 888 intelliges

77 900 245 973 iconibus
260 953 269 988 ‚
288 923 400 997 ques,
414 915 455 970 ut
470 899 726 998 alies-quoque
745 901 837 990 dixi,
855 904 922 975 cel.
940 908 1078 980 Heiste·

77 1044 135 1092 rus
151 1018 197 1090 ed
217 1017 350 1090 latinas
365 1015 510 1088 addidit
527 1018 860 1116 strnsChirurgicrs
877 1024 1079 1120 Institutio·

78 1163 137 1209 nes
158 1137 213 1235 (ι)
235 1150 340 1208 tanto
358 1134 603 1224 laudabilius,
630 1151 774 1233 quanto
803 1141 920 1236 magis
943 1156 1078 1240 optan-

73 1255 159 1327 dum
179 1253 325 1340 bremt,
348 1279 397 1324 ne
411 1252 458 1324 ab
473 1252 551 1324 ullo
568 1278 702 1324 eorum
726 1256 791 1350 qui
812 1272 1011 1356 postquam
1030 1261 1078 1334 de

75 1373 142 1444 illis
166 1373 326 1446 sacculis
350 1373 481 1468 saepins
505 1369 603 1442 facta
631 1375 773 1443 mentio
811 1367 891 1462 est}
916 1401 937 1446 e
963 1379 1077 1454 litho-

75 1491 182 1562 tomia
202 1492 454 1587 seripserunt,
470 1513 630 1586 prorsus
650 1491 928 1564 omitterentur.

118 1611 171 1683 32.
193 1606 403 1680 Lithotorni
419 1607 521 1676 enim
534 1607 690 1679 interest
705 1607 774 1680 sub
793 1610 912 1682 oculis
929 1611 993 1684 illa
1012 1612 1077 1686 he·

73 1727 172 1812 bere,
190 1725 319 1813 unde,
350 1725 391 1794 ni
419 1739 567 1812 caveat,
596 1721 772 1796 facillime
801 1729 919 1824 possit
940 1729 1074 1828 decipi.

71 1843 177 1936 Quod
191 1846 225 1916 si
247 1842 429 1912 Riolanus
445 1841 499 1938 (o)
510 1841 640 1913 docuit
659 1843 823 1916 calculos
841 1846 880 1916 in
902 1845 975 1918 illis
991 1849 1076 1920 imis

72 1965 194 2036 vesicae
211 1959 359 2034 sinibus
371 1959 607 2048 nidulantes‚
624 1959 980 2036 catheteret'mmisso
995 1989 1072 2038 non

71 2078 629 2180 deprebendi‚siquecasusafll.
647 2084 703 2150 lo.
720 2079 937 2180 Christoph.
961 2087 1071 2182 Mnyo

71 2198 121 2297 (3)
140 2199 355 2296 descriptus
375 2193 633 2270 difficultatem
656 2198 820 2270 ostendit
839 2226 884 2270 ex
898 2201 969 2272 illis
986 2204 1073 2298 sini·

71 2315 136 2390 bus
148 2316 339 2390 calculum
360 2313 566 2403 exiniendi;
581 2313 686 2386 facile
708 2317 747 2386 in
761 2333 925 2390 mentem
948 2323 1074 2394 veniet

69 2450 121 2508 tot
132 2435 306 2510 nientos
322 2435 361 2504 in
379 2448 455 2504 tarn
469 2432 624 2524 dirersis
640 2435 769 2508 resices
788 2436 960 2533 partibus
973 2463 1073 2536 spec·

68 2556 175 2644 tanti,
198 2567 296 2652 quot
308 2551 380 2624 sibi
403 2550 570 2623 incidere
593 2575 701 2624 cesus
731 2555 896 2650 possint,
927 2558 967 2626 in
994 2559 1073 2654 qui-

69 2670 155 2762 bus,
174 2689 218 2745 ut
251 2672 397 2742 mittam
424 2669 631 2741 curationis
651 2667 910 2759 difficultates,
932 2675 971 2742 in
993 2675 1073 2771 ipsa

68 2789 197 2861 calculi
222 2787 496 2888 perquisitione
520 2786 679 2860 fallatur.
704 2792 750 2859 Et
773 2812 881 2878 sane,
902 2805 944 2860 ut
971 2791 1073 2888 apud

67 2907 109 2977 cl.
133 2906 470 2998 Schreibernrnltl)
489 2904 616 2993 video,
641 2904 730 2976 inde
750 2931 857 2976 error
881 2922 991 2979 natus
1019 2925 1074 2982 est

69 3025 245 3098 credendi
262 3011 456 3096 hominem
476 3049 496 3095 a
511 3023 667 3096 calculis
679 3041 939 3121 percantatum,
957 3028 997 3097 in
1011 3053 1073 3098 cu·

64 3142 121 3237 jus
129 3146 253 3216 vesica
265 3143 394 3216 nullus
407 3143 568 3240 amplius
586 3140 766 3216 catheteri
784 3143 1067 3233 obversaretur,

66 3284 151 3334 enm
167 3266 347 3337 tamenin
365 3261 535 3360 ejusdem
552 3260 733 3334 cadavere
744 3263 897 3341 ,inventi
912 3265 985 3334 sint
1001 3289 1073 3336 no·

69 3403 171 3473 rent,
205 3407 305 3480 quos
329 3405 392 3454 sex
419 3381 707 3455 vesicaesaccnli
728 3382 985 3455 continebant.
1003 3385 1074 3458 Sed
1188 3442 1190 3452 ,

122 3697 148 3778 ι)
170 3703 244 3758 Tah.
262 3703 315 3772 32,
331 3696 381 3778 fig.
400 3722 411 3756 1
430 3713 459 3758 et
475 3720 502 3756 2.

118 3803 150 3879 α)
170 3805 241 3859 Loe.
254 3801 375 3858 indicet.
395 3821 485 3876 supra
497 3801 536 3858 ad
548 3821 577 3855 n.
592 3802 639 3856 30.

140 3945 149 3977 Ι
172 3904 337 3959 Commerc.
352 3903 442 3958 litter.
456 3906 492 3958 A.
507 3900 600 3972 1736,
614 3898 704 3958 hebd.
721 3901 752 3973 5,
772 3922 803 3957 n.
817 3921 843 3958 ι.

140 4001 152 4079 )
171 4003 265 4078 Epist.
281 4004 319 4059 ad
333 4005 441 4060 Haller.
459 4003 495 4059 de
510 4002 726 4058 medicamento
738 4003 893 4077 Stephens.
