2814 4674
173 461 242 511 tra.
263 461 318 511 ιιι.
346 463 393 510 ur
419 457 876 520 noas1svuurnrs,ar1sr.
904 459 1024 510 xaxrx.
1077 437 1124 535 37

128 597 197 672 pus
220 575 430 649 felicissime
464 573 656 646 sublatam.
681 570 916 645 Tabarranus
938 598 1028 646 vero
1058 573 1128 648 sub

126 695 279 790 regione
298 692 517 790 epigastrica
536 715 615 761 non
637 689 887 787 pulsationem
905 690 1044 778 modo,
1062 688 1128 764 sed

129 823 164 879 et
176 823 367 879 tumorem
385 808 502 906 pugni
526 804 786 904 magnitudine
813 806 1133 906 cumdeprehen·

129 921 260 1014 disset,
279 948 399 1022 eaque
419 948 507 996 curn
527 924 668 996 caeteris
687 923 956 1020 aneurysmatis
973 924 1131 1022 legitimi

129 1041 227 1113 notis
255 1041 488 1140 conjuncta3
518 1040 672 1112 miratus
700 1055 755 1112 est
786 1055 987 1140 postquam
1017 1039 1132 1136 hujus

129 1158 212 1229 loco
226 1156 461 1230 skirrhosum
475 1157 655 1230 duntaxat
669 1155 715 1227 ad
731 1157 945 1230 mesenterii
957 1171 1132 1229 centrum

130 1289 319 1353 tumorem
340 1277 556 1373 conspexit,
579 1275 674 1346 vasis
696 1275 841 1373 magnis
858 1289 934 1346 tam
949 1291 1050 1348 arcte
1071 1276 1133 1348 ad·

129 1390 357 1480 herentem,
374 1406 417 1462 ut
432 1405 575 1463 aortam
591 1415 670 1462 non
687 1393 955 1490 comprimere,
974 1393 1133 1492 ejusque

129 1506 408 1607 pulsationibus
423 1532 502 1578 non
518 1507 637 1578 attolli
653 1531 733 1579 non
752 1523 889 1605 posset.
916 1512 978 1579 Ilae
1005 1525 1042 1582 te
1067 1509 1134 1581 ob·

130 1627 359 1700 servationes
372 1625 502 1721 juvare
520 1639 798 1722 poterunt3n1e
820 1649 906 1698 cum
925 1624 971 1696 de
988 1627 1134 1726 virgine

131 1743 190 1814 illa
209 1767 327 1842 quam
346 1740 527 1841 descripsi
549 1756 738 1841 ageretur,
752 1766 831 1812 uon
845 1756 1039 1840 poterant,
1054 1769 1133 1817 non

133 1863 251 1932 solum
282 1860 369 1956 quia
396 1873 452 1930 tot
473 1859 599 1932 lustris
626 1873 713 1957 post
729 1857 855 1948 editae,
886 1858 950 1932 sed
981 1874 1018 1932 et
1046 1861 1136 1957 quia

132 1978 364 2075 pulsationes
377 1977 415 2046 in
428 1991 589 2073 utraque
605 1975 866 2050 observatione
879 1976 1014 2049 eodem
1031 2001 1136 2076 pror·

133 2119 190 2168 sus
208 2111 383 2193 tempore
399 2119 477 2192 quo
503 2095 543 2166 in
558 2096 702 2166 arteriis
718 2096 858 2167 caeteris
875 2092 1027 2167 fiebant.
1045 2095 1135 2168 Aliis

133 2215 247 2312 igitur
267 2235 361 2308 quas
382 2211 495 2310 paulo
513 2227 597 2283 ante
617 2213 741 2310 attigi,
758 2209 1060 2308 dubitationibus
1077 2212 1137 2285 ad·

135 2329 270 2402 ductus
286 2327 334 2399 ad
355 2344 485 2402 caetera
501 2327 749 2426 inquirenda,
768 2341 839 2400 nec
856 2343 1003 2400 tantum
1025 2355 1135 2402 aneu·

135 2469 278 2544 rysma,
295 2427 480 2542 quantum
510 2468 588 2516 esse
611 2443 706 2548 illud
730 2443 937 2533 debuisset,
965 2442 1047 2520 fieri
1065 2470 1137 2544 po·
1258 2538 1259 2544 ἵ

134 2566 246 2637 tuisse
266 2561 452 2650 intellexi,
468 2577 544 2638 tarn
563 2561 671 2638 brevi
693 2577 882 2661 tempore,
900 2585 943 2632 ac
958 2563 1037 2634 sine
1051 2562 1138 2636 ullis
1171 2567 1174 2573 ’

135 2679 396 2781 gravioribus,
421 2705 501 2778 quae
527 2681 822 2778 praecessissent,
845 2679 1143 2776 aut'subseque·.

135 2814 285 2886 rentur,
303 2796 556 2876 incommodis
575 2811 611 2870 et
631 2795 865 2896 pulsationes
878 2797 1033 2868 minime
1049 2812 1139 2869 arte·

135 2917 276 2990 riarum
289 2915 410 2990 motui
426 2913 720 3012 respondentes,
732 2915 772 2984 iu
787 2927 1046 3008 aneurysmate
1058 2937 1139 2990 esse
1201 2925 1208 2942 ’

134 3061 212 3106 non
233 3055 355 3132 posse.
376 3036 506 3128 Itaque
533 3031 579 3108 ad
605 3031 715 3108 aliam
735 3031 861 3129 potius
882 3054 1032 3130 causam
1056 3037 1137 3104 rem

75 3139 78 3144 Δ
136 3151 266 3223 censui
284 3149 453 3226 attinere.
470 3148 637 3235 Scilicet,
654 3164 697 3228 ut
711 3149 874 3247 pressius
888 3172 1001 3247 supra
1016 3149 1141 3239 innui,

138 3269 183 3342 ad
196 3267 404 3364 hystericas
416 3267 583 3340 internas
599 3265 881 3353 convulsiones,
898 3290 978 3364 quae
991 3264 1052 3337 hic
1064 3266 1142 3338 illio

138 3386 312 3458 intestina
332 3383 523 3481 quaedam,
544 3399 581 3455 et
597 3383 863 3456 mesentericos
889 3398 1000 3454 aortae
1017 3407 1142 3456 ramos

139 3530 204 3602 per
219 3503 418 3602 inaequalia
440 3506 621 3603 temporis
639 3503 833 3574 intervalla
845 3499 980 3595 majori
997 3500 1140 3574 vicons

142 3621 506 3720 stringentes,simul
523 3647 568 3692 ex
580 3622 764 3694 intestinis
782 3621 855 3693 illis
868 3618 974 3717 quasi
987 3614 1144 3714 globum

141 3737 340 3833 quemdam
370 3733 580 3824 efficerent,
604 3747 769 3810 coercito
790 3734 1049 3830 rarefactoque
1059 3748 1145 3806 aere

143 3853 367 3942 distentum,
399 3854 511 3925 simul
528 3869 697 3941 aortam,
728 3867 859 3953 utpote
896 3849 1078 3947 impedito
1099 3876 1145 3926 en

141 3993 182 4054 ea,
199 3971 393 4070 sanguinis
411 3971 450 4052 in
470 3972 737 4052 meseutericos
762 3993 888 4044 ramos
904 3963 1063 4056 effluxu,
1081 3991 1147 4040 ve.
