2746 4674
174 507 245 554 ma.
276 507 330 552 111.
358 505 405 550 DE
433 503 567 550 Monrls
593 503 762 565 VENTRIS,
788 504 899 550 Erlsr.
927 505 983 550 xl..
1017 487 1087 578 149

82 615 174 690 ficili.
192 617 308 708 Quod
325 616 487 712 exempli
503 615 682 686 duntaxat
693 639 825 702 causa,
847 631 883 686 et
902 631 937 687 te
951 616 998 687 ad
1011 643 1088 689 me·

83 735 168 805 liora
186 733 377 807 excitandi
394 733 631 830 propositum
652 731 817 821 credito,
840 757 964 830 neque
984 736 1085 803 enim

83 851 169 922 mihi
196 853 287 923 satis
318 850 442 948 placet
466 874 552 920 cum
581 847 630 920 ob
662 849 748 936 alia,
773 864 855 920 tum
880 852 1085 946 prasertim

83 967 178 1064 quod
199 989 338 1038 vereor
354 991 402 1037 ne
424 965 495 1038 alia
512 965 740 1062 inaequalitas
759 966 822 1036 illa
841 964 953 1038 fuerit
970 991 1086 1064 quam
1111 1049 1113 1052 ¹

84 1083 289 1180 lluyschius
308 1083 420 1170 vidit,
442 1105 486 1152 ac
501 1107 584 1178 qnae
604 1107 624 1152 a
642 1108 702 1154 me
719 1084 814 1169 visa,
832 1099 887 1170 et,
906 1099 947 1153 ut
960 1085 1087 1181 potui,

86 1201 261 1297 explicata
282 1213 348 1270 est.
370 1243 375 1258 ι

128 1322 238 1392 Nunc
254 1317 410 1416 quando
424 1314 641 1388 lumborum
660 1315 801 1387 doloris
819 1340 964 1387 causam
981 1318 1020 1386 in
1033 1343 1088 1390 re-

86 1435 212 1524 nibus,
240 1436 409 1533 primeva
436 1449 478 1506 nt
497 1434 661 1521 calculo,
685 1434 823 1506 deinde
843 1449 884 1504 ut
909 1434 1016 1506 aliter
1038 1435 1088 1507 af-

88 1549 182 1626 fectis
200 1553 540 1640 consideravimus,
559 1575 627 1648 age
648 1552 687 1622 in
706 1551 786 1622 aliis
803 1576 956 1647 qnoque
973 1556 1088 1649 parti-

88 1667 166 1755 bus,
180 1695 259 1742 una
279 1683 346 1740 aut
362 1670 477 1740 altera
488 1669 682 1768 proposita
697 1666 976 1755 observatione,
989 1693 1089 1767 spec-

89 1801 208 1860 temus.
599 1795 603 1800 ’

135 1906 188 1978 26.
212 1907 393 1978 Cisiarius
411 1905 635 1990 Patavinus,
654 1925 796 2000 paucos
816 1925 926 1998 supra
938 1902 1091 1998 triginta

93 2047 200 2096 anuos
219 2039 349 2112 natus,
369 2045 481 2095 sanus
498 2036 607 2092 antea
625 2033 662 2091 et
677 2018 875 2108 robustus,
896 2021 967 2090 nisi
984 2021 1089 2117 quod

36 2131 39 2138 ’
94 2140 145 2212 lue
173 2166 337 2214 venerea
366 2140 620 2226 laboraverat,
644 2161 730 2208 cum
756 2135 851 2210 forte
876 2138 1090 2229 cecidisset,

95 2272 125 2326 et
144 2281 255 2356 supra
276 2259 437 2356 jacentis
459 2271 630 2350 ventrem
652 2270 734 2326 rota
763 2255 802 2326 in
832 2269 1089 2328 transversum

94 2388 163 2445 acta
178 2391 275 2448 esset
291 2403 301 2464 3
321 2374 467 2446 acerbis
481 2373 575 2446 adeo
593 2372 811 2444 lumborum
831 2373 1011 2470 dorsique
1027 2374 1091 2445 do·
1126 2419 1128 2424 .

94 2488 225 2564 loribus
245 2493 458 2592 prehensus
478 2506 553 2580 est,
573 2505 615 2562 ut
634 2505 721 2561 octo
739 2491 842 2587 ipsos
860 2515 1008 2562 menses
1025 2516 1091 2564 cu-

94 2604 171 2680 bare
203 2625 422 2709 cogeretur,
444 2607 540 2678 nihil
569 2608 777 2705 quidquam
803 2610 886 2705 opis
913 2609 1091 2681 adversus

95 2747 148 2796 eos
161 2726 313 2799 dolores
330 2726 504 2812 medicis,
534 2749 631 2822 quos
654 2725 752 2796 bene
772 2725 912 2798 multos
932 2724 1090 2795 advoca-

95 2858 205 2931 verat,
224 2841 481 2916 afferentibus.
511 2844 686 2938 Denique
710 2865 794 2911 cum
819 2842 885 2912 cel.
910 2841 1091 2926 Vallisner

94 2958 161 3030 rius
176 2964 410 3050 accessisset,
426 2984 642 3058 aegrumqne
662 2958 709 3031 de
732 2957 959 3030 cruciatibus
985 2960 1091 3032 sinis

96 3077 136 3144 tri
159 3080 396 3176 potissimum
421 3077 541 3150 lumbi
566 3091 788 3175 querentem
800 3077 1093 3151 animadvertis-

98 3207 160 3280 set,
179 3221 294 3266 manu
314 3195 467 3266 admota
498 3193 770 3292 pulsationem,
789 3207 831 3263 ut
850 3192 897 3262 ab
915 3218 1093 3291 aneurys·

98 3325 202 3400 mate,
217 3314 388 3411 percepit
400 3311 446 3384 ad
461 3313 583 3409 ipsum
598 3312 679 3407 ejus
693 3308 941 3399 lumbilatus,
954 3311 1093 3409 illaque

99 3443 288 3524 propterea
301 3429 441 3527 quibus
461 3428 603 3500 diutius
617 3427 712 3500 forte
728 3429 868 3498 servari
884 3431 1013 3526 'posset
1026 3430 1094 3500 ho·

101 3564 172 3634 mo,
188 3571 266 3618 non
288 3548 410 3618 sanari
434 3547 669 3644 praescripsit.
701 3547 888 3617 Intumuit
904 3547 1040 3620 deinde
1066 3551 1096 3620 is

102 3657 213 3751 locus,
237 3681 386 3736 tumore
402 3666 513 3735 latius
531 3689 568 3736 se
590 3662 837 3752 extendente,
855 3665 892 3735 et
907 3680 1027 3736 costas
1044 3667 1097 3764 ip·

106 3796 154 3848 sas
171 3805 249 3877 quae
269 3783 576 3880 proximae,erant
601 3779 808 3852 attollente.
838 3781 1006 3852 OEdema
1038 3784 1097 3877 iyn-

106 3904 195 3966 terea
216 3899 426 3996 subjectum
445 3922 530 3970 crus
547 3913 584 3970 et
601 3896 723 3970 femur
743 3913 864 3970 totum
892 3923 1101 3995 occupave-

107 4025 165 4080 rat.
186 4019 276 4088 Cum
296 4041 393 4114 aeger
412 4032 558 4106 tamen,
581 4018 732 4116 vigente
757 4018 943 4115 appetitu,
958 4032 1098 4092 temere
