2746 4674
159 416 229 462 ιη.
260 413 317 464 111.
346 413 392 460 or
416 409 554 468 moruus
577 410 748 475 vaurms,
774 411 887 460 misr.
913 383 978 462 xm
1003 415 1071 489 129

69 553 115 600 ca.
134 527 289 621 Quibus
312 525 557 600 Eustachium
577 549 682 596 suam
702 527 924 624 opposuisse
943 527 1071 602 obsera

68 646 279 732 rationem,
301 644 340 715 in
358 641 670 740 Sepulchreto(1)
682 640 811 714 vides:
832 667 877 714 ex
892 667 970 740 quo
983 645 1071 717 abias

67 763 201 854 addes,
232 779 277 838 ut
305 764 418 838 exiis
447 787 528 860 quae
553 765 795 861 inpromptu
822 780 932 852 sunt,
961 765 1072 836 aliam

67 881 325 956 Eustachianae
345 883 555 980 proximam
577 880 652 977 (a),
669 881 710 950 in
733 905 809 979 qua
828 881 955 958 colore
973 906 1073 954 mar-

68 999 178 1072 moris
193 997 363 1088 candidi,
371 998 558 1096 aliamque
568 997 633 1096 (3),
645 999 685 1068 in
698 1023 774 1095 qua
786 999 887 1070 nivei
899 998 1074 1072 candoris

68 1117 207 1188 inventi
227 1117 269 1188 in
295 1115 452 1189 renibus
477 1115 611 1188 calculi
636 1132 928 1214 proponuntur:
948 1117 1015 1190 ubi
1038 1135 1076 1190 et

70 1249 294 1334 conspectos
312 1259 334 1304 a
353 1232 524 1306 Valsalva
538 1231 725 1322 calculos,
740 1232 833 1306 alios
846 1240 862 1322 (
874 1261 952 1306 non
967 1260 1075 1310 secus

70 1364 172 1448 atque
182 1375 205 1422 a
217 1347 451 1424 Schroeekio
463 1348 539 1447 (4))
551 1349 874 1437 albicantes,alios
891 1355 1020 1452 nigros
1034 1356 1074 1426 in

69 1464 132 1538 hac
148 1469 233 1568 ipsa
251 1465 478 1566 epistola(5)
497 1471 798 1541 memoravimus.
823 1474 989 1568 Apparet
1007 1469 1075 1570 igtss

69 1596 124 1656 tur
155 1586 258 1658 illud
284 1585 489 1660 discrimen
517 1601 582 1658 aut
611 1609 656 1656 ex
687 1609 796 1681 aequo
830 1589 1074 1684 paucioribus

70 1701 413 1790 observationibus,
432 1717 534 1774 anta
550 1701 790 1800 prejudicato
806 1703 969 1799 quadam
993 1710 1075 1804 opi·

70 1821 177 1893 nione
194 1820 313 1896 fuisse
331 1819 551 1894 deductum.
571 1823 681 1893 Certe
696 1833 822 1892 autem
841 1821 976 1920 lapidis
995 1847 1075 1894 ma-

70 1940 160 2013 teria
188 1940 234 2012 id
260 1935 337 2038 qu⁸o
364 1938 506 2027 rubro,
521 1934 782 2036 ,flavo,nigro
806 1938 925 2012 aliove
945 1942 1074 2014 colore

72 2054 256 2132 inficiatur
268 2111 280 2147 ,
292 2054 383 2130 ¹tum
399 2058 441 2130 in
458 2055 635 2144 renibus,
651 2070 731 2128 tum
751 2059 790 2126 in
808 2057 930 2130 vesica
945 2059 1077 2139 admis-

73 2176 140 2244 ceri
159 2187 296 2274 potest.
322 2180 454 2273 Aqua
483 2174 595 2245 etiam
624 2172 872 2246 admissorum
897 2179 1074 2250 varietate

72 2285 145 2362 fieri
158 2291 349 2371 .credibile
368 2309 445 2380 est,
459 2291 569 2364 aliam
589 2292 628 2362 in
645 2291 727 2364 aliis
749 2291 901 2364 calculis
918 2291 1075 2366 facilitas¹

73 2419 140 2480 tem
154 2426 219 2485 aut
236 2407 496 2494 difficultatem
519 2408 740 2497 solutionis,
759 2433 942 2508 spemque
958 2437 1075 2510 prop-

74 2538 164 2600 terea
178 2531 227 2601 iis
243 2527 396 2626 praecidi
411 2528 479 2624 qui
489 2525 698 2598 remedium
718 2545 893 2624 quaerunt
905 2555 983 2628 quo
996 2555 1072 2604 uno

74 2665 168 2740 aeque
189 2669 325 2718 omnes
337 2645 599 2718 dissolvantur.
616 2646 701 2734 Quo
717 2644 972 2742 magisadenda
988 2673 1074 2746 ope-

74 2783 109 2832 ra
124 2779 178 2836 est
193 2788 243 2836 ne
266 2762 432 2836 calculus
453 2756 645 2860 gignatur,
667 2761 712 2832 iis
729 2763 851 2834 vitatis
871 2789 953 2861 quae
978 2764 1076 2847 dixi-2

75 2900 148 2952 mus
159 2879 221 2980 (6)
236 2883 278 2952 in
288 2880 441 2954 renibus
451 2880 585 2952 lotium
600 2880 804 2968 remorari,
822 2895 858 2952 et
875 2885 1072 2956 contrariis

76 2993 108 3066 in
122 3023 232 3073 usum
249 2999 400 3087 tractis,
417 2999 621 3096 praesertim
633 2998 663 3072 si
674 3021 751 3094 qua
762 2995 930 3071 inchoati
939 3000 1073 3072 calculi

77 3118 230 3214 suspicio
256 3117 314 3196 sit,
332 3114 390 3186 Ad
406 3141 539 3212 quem,
564 3115 687 3187 donec
712 3114 814 3202 licet,
833 3114 920 3202 inde
943 3116 1071 3189 detur-
