2810 4668
316 408 385 507 572
477 433 524 480 ns
551 397 698 479 sumnus
722 431 767 478 ur
792 427 917 478 causis
942 429 1155 480 uoaronnu

314 545 732 644 deliquiocorripitur,
762 559 799 618 et
818 546 916 618 intra
943 542 1078 617 horam
1108 543 1317 636 conficitur,

264 655 267 662 ’
313 665 1320 762 Ventremaperientes,improvisaemortisoausamsta-
1394 675 1395 750 j

313 781 379 854 tim
392 781 750 880 deprehenderunt,
769 797 925 881 ruptum
941 769 1115 857 videlicet
1128 784 1170 854 in
1179 808 1322 856 mesen·

313 900 411 970 terio
421 897 654 989 abscessum,
673 927 718 974 ex
733 923 856 1000 eoque
870 901 912 972 in
925 903 1067 974 ventris
1080 925 1219 972 cavum
1235 899 1321 972 effu·

234 997 238 1010 ¹
314 1016 595 1114 samjmateriam
607 1019 911 1114 graveolentem:
933 1034 1203 1116 quaerestanto
1220 1021 1322 1092 citius

314 1132 404 1206 huic
419 1136 522 1223 anui,
539 1161 653 1234 quam
665 1135 865 1226 rhedario,
882 1135 931 1208 ab
944 1135 1322 1234 illustrilleistero(1)

315 1229 527 1352 descripto,
541 1255 693 1326 exitium
717 1254 860 1343 attulit,
882 1245 1026 1353 quanto
1042 1253 1123 1328 haec
1140 1253 1324 1328 infirmio-

313 1369 422 1444 ribus
431 1387 511 1446 erat
517 1371 673 1462 viribus,
685 1387 722 1446 et
732 1375 915 1471 graviore,
926 1387 968 1445 ut
977 1375 1129 1473 opinor,
1144 1389 1266 1446 aetate.
1278 1378 1325 1445 Ea

318 1503 444 1562 autem
464 1469 663 1576 exhausta,
679 1489 924 1589 abstersaque
942 1493 1097 1564 materia
1108 1546 1118 1579 ,
1131 1507 1170 1565 et
1181 1471 1325 1564 mesen·

314 1608 411 1680 terio
429 1633 516 1681 oum
532 1609 719 1682 intestinis
736 1625 880 1699 amoto,
900 1609 1084 1684 continuo
1093 1612 1286 1683 urinarias
1297 1624 1327 1684 et

315 1721 497 1824 genitales
513 1742 638 1826 partes
651 1727 936 1826 diligentissime
957 1753 977 1800 e
997 1730 1075 1801 suis
1090 1728 1250 1802 sedibus
1264 1727 1328 1800 dea

314 1841 480 1933 trahere,
494 1860 536 1917 ut
549 1871 621 1945 ego
632 1845 921 1936 mandaveram,
932 1862 1204 1944 perrexerunt,
1215 1861 1328 1918 utras

315 1983 390 2060 que
404 1961 476 2051 ihi,
489 1963 598 2034 sicuti
615 1988 661 2036 ex
673 1961 896 2063 viropridie
917 1963 1182 2052 ostenderam,
1208 1964 1266 2035 ita
1289 1987 1328 2034 er

239 2141 251 2152 .,
313 2079 474 2152 muliere
492 2080 667 2154 studiosis
686 2083 742 2154 rei
761 2081 980 2154 anatomicae
1004 2082 1181 2182 protinus
1200 2095 1326 2154 osten·
1395 2113 1396 2118 ¹

316 2195 470 2270 dendas.
489 2197 602 2289 Quod
622 2214 660 2270 et
676 2197 765 2290 leci,
788 2214 867 2271 n'on
895 2214 938 2273 ut
963 2201 1203 2288 naturalem,
1236 2225 1326 2298 que·

316 2312 563 2387 madmodum
603 2317 719 2408 alias,
772 2319 837 2392 sed
874 2333 918 2390 ut
955 2318 1326 2417 praeternaturalem‚

317 2432 471 2529 quaudo
490 2433 543 2507 sie·
554 2426 783 2534 contigerat,
812 2451 849 2510 et
865 2436 905 2508 in
923 2453 1029 2537 parte
1055 2461 1257 2537 periuram
1275 2461 1326 2509 ea·

317 2575 402 2622 rum
423 2555 733 2656 constitutionem
752 2554 936 2628 viderent.
959 2561 1006 2628 Et
1019 2557 1060 2628 in
1079 2555 1241 2628 renibus
1252 2556 1326 2654 qui·

317 2667 404 2743 dem
416 2669 455 2742 id
473 2673 553 2742 vitii
567 2687 667 2761 erat,
685 2687 727 2746 ut
743 2673 885 2746 vesicas
904 2674 1004 2763 illas,
1022 2674 1096 2746 seri
1116 2673 1275 2773 plenas,
1294 2676 1326 2744 in

316 2785 516 2887 superficie
526 2791 664 2888 partim
683 2805 891 2879 exstantes,
909 2793 1046 2891 partim
1062 2792 1326 2892 semisepultas

316 2903 576 2995 ostenderent,
605 2907 736 2980 dexter
754 2911 961 3007 praesertim
977 2911 1046 3010 qui
1061 2933 1244 3009 magnam
1267 2909 1325 2984 ha·

318 3022 432 3095 hebat
451 3024 498 3096 ad
516 3040 727 3134 extremum
744 3023 917 3116 inferius,
936 3041 974 3100 et
995 3025 1128 3100 faciem
1152 3044 1327 3128 praeterea
1396 3013 1397 3108 l

319 3138 382 3212 laic
396 3140 489 3230 illic,
508 3143 539 3213 si
558 3158 698 3218 attente
718 3145 924 3243 aspiceres,
939 3145 1176 3243 inequalem.
1197 3149 1326 3219 Urete·

237 3359 239 3364 ,
319 3272 523 3332 testamen
545 3285 625 3332 non
646 3261 809 3348 dilatati,
834 3263 912 3334 imo
937 3261 1105 3363 parvulis
1133 3263 1277 3335 osculis
1292 3263 1325 3332 iu

318 3377 441 3449 vesica
457 3375 624 3467 hiantes,
645 3403 733 3452 sana
756 3379 935 3478 quidem,
955 3381 1027 3453 uisi
1041 3379 1150 3479 quod
1168 3405 1259 3454 cum
1274 3395 1326 3452 tu·

318 3493 412 3602 nicae
429 3483 512 3591 ejus
529 3511 667 3568 caeterae
688 3511 813 3569 essent
830 3499 870 3568 in
892 3521 931 3570 se
952 3511 1177 3588 contractae,
1197 3499 1326 3571 extima

239 3707 245 3721 .
318 3597 446 3682 tamei1
465 3626 546 3685 erat
557 3639 637 3688 non
648 3614 764 3688 modo
779 3615 985 3708 lenissima,
999 3615 1067 3690 sed
1084 3616 1115 3688 si
1129 3615 1191 3690 vel
1202 3615 1326 3690 leviter

311 3823 1325 3854 m

360 3984 405 4064 (ι)
424 3939 552 4046 llissert.
569 3988 607 4046 de
620 3984 724 4050 hernia
740 4007 823 4048 earn.
839 3992 856 4061 ς
870 3989 919 4048 nt.

363 4071 366 4086 l
