2746 4674
158 477 221 525 tte.
248 477 303 524 111.
331 475 380 522 DE
405 443 541 536 MORBlS
566 471 741 536 vultuum,
767 471 879 520 nrtsr.
906 471 1064 544 xt.,109

72 610 106 666 ut
121 616 196 664 uno
214 589 350 662 allecto
364 612 478 675 rene,
497 587 591 658 alter
608 593 763 682 quoque
777 587 817 654 in
839 609 1067 660 consensum

71 711 238 786 trahatur·
258 705 470 778 Deturbato
488 719 613 776 autem
630 707 749 776 urinae
767 703 1020 776 incumbentis
1032 708 1070 775 vi

72 826 224 913 calculo,
249 840 286 896 et
313 826 353 894 in
378 825 497 904 imum
514 823 643 894 vesicae
661 818 850 891 orificium
870 838 1067 919 protrus0,

72 943 278 1032 lumborum
305 945 435 1022 tamen.
455 939 566 1013 dolor
588 953 754 1035 perstare
787 941 913 1035 potuit
936 940 1068 1012 eadem

74 1063 303 1158 rationeque
323 1081 460 1128 renum
488 1055 599 1128 dolor
622 1055 828 1152 aliquando
856 1058 951 1128 solet
974 1059 1069 1129 vesi-

77 1205 147 1252 cam
162 1202 293 1250 versus
319 1175 494 1263 extendi,
523 1199 591 1272 per
608 1188 775 1246 ureteres
790 1173 964 1246 videlicet
981 1175 1071 1247 hinc

76 1295 242 1384 renibus,
261 1293 352 1366 inde
377 1294 507 1364 vesicae
528 1292 788 1380 continuatos,
808 1307 845 1362 et
872 1317 959 1363 cum
984 1295 1071 1390 plus

77 1414 176 1484 uriuae
197 1414 278 1509 jam
307 1434 440 1508 capere
466 1410 589 1482 vesica
618 1413 769 1505 nequit,
794 1409 896 1506 ipsos
920 1435 1073 1508 qnoque

78 1534 170 1604 urina
189 1531 390 1602 distentos.
412 1531 502 1618 Quae
517 1528 586 1598 etsi
604 1549 673 1625 per
687 1527 890 1616 immissam
910 1526 1074 1600 fistulam

81 1649 314 1734 educeretur,
350 1662 477 1718 tamen
506 1668 621 1741 quam
650 1645 725 1718 cito
757 1669 887 1716 rursus
913 1650 1074 1718 vesicam

79 1767 260 1864 impleret,
276 1765 356 1836 haec
370 1778 456 1862 post
471 1765 558 1860 regri
577 1775 739 1834 mortem
758 1762 926 1860 inspecta
948 1780 1075 1835 osteu-
1124 1833 1127 1836 t

81 1882 132 1954 dit.
152 1881 267 1974 Quod
290 1882 337 1970 si,
357 1882 445 1980 quia
477 1881 557 1952 sani
578 1881 647 1952 visi
670 1894 758 1950 sunt
780 1895 971 1970 ureteres,
994 1907 1074 1954 non

83 2017 176 2100 putas
192 1999 409 2087 calculum,
429 1998 502 2069 nisi
523 2021 609 2070 cum
627 1998 755 2069 minor
777 2012 894 2086 esset,
912 2023 977 2071 eos
996 2024 1077 2097 per·

84 2121 218 2202 rasisse,
235 2142 369 2215 neque
390 2116 525 2186 lotium
544 2113 787 2204 distendisse3
805 2141 1024 2213 quanquam
1041 2133 1079 2190 et

84 2259 205 2332 parvus
222 2249 309 2308 erat
326 2232 491 2310 calculus
513 2245 551 2304 et
574 2232 699 2304 brevis
725 2232 902 2307 distentio
929 2233 1020 2324 fuit;
1042 2251 1079 2306 at
1119 2271 1121 2276 ·

86 2367 120 2424 tu
131 2353 332 2426 distractos
348 2350 478 2424 saltem
495 2350 652 2447 concipe
671 2350 874 2440 acalculo,
894 2377 1080 2424 summam

86 2469 119 2540 in
130 2496 237 2567 quam
251 2495 295 2542 se
311 2469 514 2540 intruserat
532 2466 726 2538 urethram
738 2466 859 2567 figura
876 2494 942 2542 sua
959 2495 1079 2569 usque

89 2585 167 2658 adeo
177 2588 407 2674 lacessente,
423 2599 466 2659 ut
480 2585 630 2682 sanguis
642 2587 807 2683 primum
820 2642 830 2676 ,
845 2586 1080 2686 deiudepus,
1114 2643 1119 2655 .

94 2701 175 2774 letor
199 2705 356 2776 demum
386 2727 464 2798 quo
492 2701 840 2784 lotiuminfectum
869 2721 965 2794 erat,
993 2706 1082 2783 inde

91 2820 235 2917 peteuda
262 2819 484 2912 videantur,
514 2819 669 2917 quando
697 2819 849 2896 aliunde
871 2847 951 2893 non
974 2823 1084 2912 licet,

92 2941 136 3008 uti
152 2927 194 3010 ex
209 2938 384 3026 urethra,
404 2961 518 3036 quam
541 2934 745 3034 perfectam
763 2935 974 3011 finissenon
992 2940 1084 3038 legi-

95 3078 175 3126 mus.
195 3061 246 3128 Ut
263 3080 391 3154 neque
409 3055 567 3153 legimus
582 3055 793 3152 inspectum
811 3056 1032 3145 cerebrum,
1047 3059 1087 3128 in

96 3172 185 3268 quod
209 3171 392 3246 credibile
417 3187 491 3260 est,
517 3195 715 3270 suppressa
741 3174 868 3259 urina,
894 3175 1089 3272 impurum

98 3310 208 3360 serum
226 3316 272 3392 er
297 3290 478 3388 sanguine
505 3313 544 3361 se
572 3287 770 3379 effudisse,
792 3307 828 3362 et
853 3291 960 3364 brevi
982 3317 1089 3364 mora

23 3431 25 3448 ·
99 3407 206 3478 acrius
228 3405 370 3478 factum
398 3406 636 3505 epilepticam
659 3407 761 3478 illam
781 3411 1090 3499 concussionem,
1132 3399 1135 3406 ⁴
1173 3483 1178 3492 ,

99 3538 322 3622 mortemque
335 3525 499 3596 attulisse
517 3549 596 3596 non
608 3548 716 3596 secus
729 3540 841 3622 atque
854 3579 863 3614 ,
879 3543 921 3598 ut
934 3529 1089 3624 opinor,

101 3635 237 3714 duobus
256 3641 382 3712 attulit
397 3665 563 3738 quorum
589 3641 764 3714 historias
788 3644 828 3712 in
852 3648 958 3714 XXII
976 3669 1091 3742 quam

102 3775 162 3828 uos
178 3759 282 3855 sequi
301 3757 363 3830 hic
374 3757 504 3846 ¹vides,
521 3759 756 3856 Sepulchreti
773 3762 937 3834 sectione
949 3760 1007 3858 (r)
1026 3762 1093 3834 ha-

139 4011 178 4089 (1)
197 4017 230 4071 L.
246 4019 279 4087 3,
297 4017 361 4074 obs.
375 4037 408 4090 a,
429 4029 457 4076 et
469 4019 534 4076 obs.
550 4020 602 4091 13,
618 4023 633 4090 s
650 4037 674 4074 t.
