2814 4674
145 450 203 508 trs.
221 459 275 506 ιιι.
303 459 350 506 nu
376 435 834 521 uonnrsvanrnss,nr1sr':
861 461 982 509 xxxrx.
1036 431 1077 510 81

109 587 139 646 ut
149 572 353 669 exemplum
363 570 594 668 (1)omittam
606 571 756 668 maximi
770 574 886 660 uteri,
903 575 969 671 qui
986 589 1084 650 totus

101 688 344 787 pinguedinem
356 694 466 786 quasi
475 685 967 784 cartilagineamrefferebat:
975 689 1085 776 facile

107 809 194 884 enim„
209 804 254 876 ad
271 803 439 876 skirrbos
456 805 591 902 magis,
605 830 717 902 quam
737 805 784 876 ad
798 821 1034 897 steatomata,
1047 809 1087 882 id

107 925 270 1021 pertinet,
286 937 408 1010 certe,
424 923 595 1020 inquam,
608 927 646 992 in
663 911 759 993 eollo
777 930 873 994 uteri
883 928 1087 1022 abscessus,

107 1045 318 1110 steatomatis
335 1053 512 1110 naturam
526 1041 686 1131 reserens
699 1059 743 1110 ex
756 1039 923 1112 Ballonio
944 1021 1089 1116 meino-

107 1173 194 1228 ratur
206 1157 262 1255 (a)
289 1161 522 1228 steatomatis
548 1171 672 1228 autem
694 1163 791 1228 uteri
801 1159 932 1248 fundo
957 1149 1090 1232 aditoe-

110 1280 203 1345 rentis
228 1277 364 1348 diserte
390 1271 561 1345 meminit
583 1274 751 1346 Rhodius
761 1274 832 1371 (3),
856 1265 1091 1375 alterumque

110 1390 270 1464 describit
292 1393 466 1464 Goetzius
485 1391 558 1488 (d);
584 1405 621 1464 et
643 1417 713 1464 nos
739 1391 809 1464 tibi
834 1395 1093 1491 superioribus

110 1507 357 1608 descripsimus
374 1510 505 1582 litteris
523 1510 536 1597 s
541 1506 578 1598 5)
594 1509 713 1606 ipsam
728 1507 836 1580 fundi
852 1514 990 1584 uterini
1004 1513 1093 1586 sub·

111 1627 284 1715 stantiam,
300 1652 380 1699 non
396 1651 500 1699 secus
511 1639 694 1714 antestes,
708 1641 745 1697 et
757 1626 885 1715 tubas,
904 1630 944 1698 in
962 1629 1093 1700 sebum

112 1765 311 1830 conversam
323 1771 333 1834 ;
346 1744 451 1842 quod
464 1765 555 1814 vero
572 1743 673 1814 intus
687 1733 748 1832 fis,
765 1743 860 1814 nihil
876 1746 1014 1820 mirum
1026 1762 1095 1835 est,

113 1861 137 1932 si
153 1862 256 1933 etiam
276 1863 438 1934 exterius
450 1859 534 1952 fiat,
549 1860 664 1932 modo
679 1860 840 1934 sebaccae
854 1861 993 1960 quibus
1011 1887 1095 1936 san·

114 1979 182 2078 guis
195 1979 379 2068 abundet,
398 1978 606 2076 particula,
625 1995 668 2050 ut
683 1981 722 2048 in
735 1981 920 2076 parietum
934 1983 1030 2052 uteri
1041 1982 1097 2052 in·

114 2097 253 2185 teriora,
271 2099 324 2170 sic
338 2099 378 2168 in
391 2098 578 2172 exteriora
592 2098 864 2195 importantur:
880 2122 1098 2196 quanquam

113 2215 238 2286 rariora
258 2215 370 2302 uteri,
398 2238 512 2312 quam
531 2215 682 2286 testium
705 2229 921 2286 steatomata
947 2211 1098 2311 affecto·

115 2353 184 2401 rum
203 2319 386 2402 habemus
416 2331 594 2430 exempla.
623 2316 776 2402 Omissis
805 2332 919 2428 igitur
946 2356 1028 2427 quae
1051 2331 1099 2404 ad
1122 2380 1124 2383 -

115 2445 266 2522 sbirr-hos
280 2463 448 2546 spectare
463 2471 542 2521 non
558 2446 688 2535 credo,
704 2471 775 2544 pro
793 2472 924 2519 eorum
941 2449 1100 2545 primor-

115 2562 172 2638 diis
185 2581 314 2638 caetera
330 2565 484 2663 accipio,
502 2589 585 2662 quae
602 2589 715 2662 supra
735 2566 1045 2664 commemoravi,
1064 2578 1101 2636 et

116 2681 174 2754 alia
191 2681 485 2779 ejusdemmodi,
506 2673 608 2752 velut
624 2681 724 2752 illam
737 2705 850 2778 quam
868 2683 965 2752 uteri
981 2679 1100 2751 fundo

118 2801 264 2872 exterius
278 2799 629 2878 adnatamPaawius
642 2797 699 2896 (6)
709 2796 885 2870 describit
893 2821 1103 2886 excrescen-

118 2921 195 2988 tiam
210 2915 425 3004 candidam,
443 2915 698 3012 magnitudine
714 2937 899 3000 verrucae,
924 2937 1009 3009 qum
1027 2912 1103 2985 dis-

117 3047 219 3121 secta,
238 3032 444 3106 nihilintus
463 3034 694 3121 continebat,
712 3030 780 3102 sed
789 3025 913 3100 solida
933 3035 1036 3100 omni
1056 3050 1104 3101 eat

115 3165 213 3244 parte
228 3165 329 3240 erat,
346 3166 383 3221 et
401 3150 521 3224 multo
541 3154 659 3248 magis
678 3173 774 3248 quos
793 3147 973 3246 proponit
988 3151 1104 3244 Ruys·
1189 3223 1191 3230 χ
