<?xml version="1.0" encoding="UTF-8"?>
<!DOCTYPE html PUBLIC "-//W3C//DTD XHTML 1.0 Transitional//EN"
    "http://www.w3.org/TR/xhtml1/DTD/xhtml1-transitional.dtd">
<html xmlns="http://www.w3.org/1999/xhtml" xml:lang="en" lang="en">
 <head>
  <title>
</title>
<meta http-equiv="Content-Type" content="text/html;charset=utf-8" />
  <meta name='ocr-system' content='tesseract 3.04.00' />
  <meta name='ocr-capabilities' content='ocr_page ocr_carea ocr_par ocr_line ocrx_word'/>
</head>
<body>
  <div class='ocr_page' id='page_1' title='image "./desedibusetcaus05adelgoog_0292.png"; bbox 0 0 2726 4676; ppageno 0'>
   <div class='ocr_carea' id='block_1_1' title="bbox 131 427 1061 526">
    <p class='ocr_par' dir='ltr' id='par_1_1' title="bbox 131 427 1061 526">
     <span class='ocr_line' id='line_1_1' title="bbox 131 427 1061 526; baseline 0.001 -28"><span class='ocrx_word' id='word_1_1' title='bbox 131 453 201 498; x_wconf 77' lang='lat' dir='ltr'><strong>mn.</strong></span> <span class='ocrx_word' id='word_1_2' title='bbox 218 453 284 498; x_wconf 74' lang='lat'>¹111.</span> <span class='ocrx_word' id='word_1_3' title='bbox 313 451 358 496; x_wconf 82' lang='lat' dir='ltr'><strong>nr</strong></span> <span class='ocrx_word' id='word_1_4' title='bbox 385 448 712 512; x_wconf 69' lang='lat' dir='ltr'><strong>unumunurm,</strong></span> <span class='ocrx_word' id='word_1_5' title='bbox 738 449 850 496; x_wconf 81' lang='lat' dir='ltr'><strong>rr1sr.</strong></span> <span class='ocrx_word' id='word_1_6' title='bbox 879 427 1061 526; x_wconf 7' lang='lat' dir='ltr'><strong>xr11.x287</strong></span> 
     </span>
    </p>
   </div>
   <div class='ocr_carea' id='block_1_2' title="bbox 60 560 1066 2184">
    <p class='ocr_par' dir='ltr' id='par_1_2' title="bbox 60 560 1066 2184">
     <span class='ocr_line' id='line_1_2' title="bbox 61 560 1065 662; baseline 0.003 -27"><span class='ocrx_word' id='word_1_7' title='bbox 61 564 159 662; x_wconf 84' lang='lat' dir='ltr'><strong>apud</strong></span> <span class='ocrx_word' id='word_1_8' title='bbox 181 563 391 662; x_wconf 82' lang='lat' dir='ltr'><strong>Alghisium</strong></span> <span class='ocrx_word' id='word_1_9' title='bbox 409 562 462 658; x_wconf 14' lang='grc' dir='ltr'>(ιι)</span> <span class='ocrx_word' id='word_1_10' title='bbox 483 577 519 634; x_wconf 92' lang='lat' dir='ltr'><strong>et</strong></span> <span class='ocrx_word' id='word_1_11' title='bbox 536 560 799 634; x_wconf 87' lang='lat' dir='ltr'><strong>Vallisnerium</strong></span> <span class='ocrx_word' id='word_1_12' title='bbox 810 561 863 660; x_wconf 76' lang='lat' dir='ltr'><strong>(a)</strong></span> <span class='ocrx_word' id='word_1_13' title='bbox 878 561 1065 657; x_wconf 71' lang='lat' dir='ltr'><strong>fecerunt,</strong></span> 
     </span>
     <span class='ocr_line' id='line_1_3' title="bbox 60 679 1064 778; baseline 0.001 -26"><span class='ocrx_word' id='word_1_14' title='bbox 60 681 359 778; x_wconf 83' lang='lat' dir='ltr'><strong>pertinacissimo</strong></span> <span class='ocrx_word' id='word_1_15' title='bbox 378 679 527 750; x_wconf 89' lang='lat' dir='ltr'><strong>silentio</strong></span> <span class='ocrx_word' id='word_1_16' title='bbox 548 703 627 750; x_wconf 89' lang='lat' dir='ltr'><strong>rem</strong></span> <span class='ocrx_word' id='word_1_17' title='bbox 646 694 763 750; x_wconf 87' lang='lat' dir='ltr'><strong>totam</strong></span> <span class='ocrx_word' id='word_1_18' title='bbox 783 681 981 761; x_wconf 70' lang='lat' dir='ltr'><strong>occulunt:</strong></span> <span class='ocrx_word' id='word_1_19' title='bbox 998 684 1064 753; x_wconf 85' lang='lat' dir='ltr'><strong>ita·</strong></span> 
     </span>
     <span class='ocr_line' id='line_1_4' title="bbox 62 784 1066 895; baseline 0.001 -26"><span class='ocrx_word' id='word_1_20' title='bbox 62 821 132 894; x_wconf 87' lang='lat' dir='ltr'><strong>que</strong></span> <span class='ocrx_word' id='word_1_21' title='bbox 152 796 329 870; x_wconf 86' lang='lat' dir='ltr'><strong>facillime</strong></span> <span class='ocrx_word' id='word_1_22' title='bbox 347 796 482 867; x_wconf 86' lang='lat' dir='ltr'><strong>accidit</strong></span> <span class='ocrx_word' id='word_1_23' title='bbox 499 811 541 867; x_wconf 92' lang='lat' dir='ltr'><strong>ut</strong></span> <span class='ocrx_word' id='word_1_24' title='bbox 560 795 672 866; x_wconf 90' lang='lat' dir='ltr'><strong>simul</strong></span> <span class='ocrx_word' id='word_1_25' title='bbox 690 821 774 866; x_wconf 87' lang='lat' dir='ltr'><strong>cum</strong></span> <span class='ocrx_word' id='word_1_26' title='bbox 790 784 985 895; x_wconf 37' lang='lat' dir='ltr'><strong>ipsis&#39;acus</strong></span> <span class='ocrx_word' id='word_1_27' title='bbox 998 799 1066 870; x_wconf 92' lang='lat' dir='ltr'><strong>hu·</strong></span> 
     </span>
     <span class='ocr_line' id='line_1_5' title="bbox 61 915 1065 1012; baseline 0.004 -28"><span class='ocrx_word' id='word_1_28' title='bbox 61 931 200 1004; x_wconf 76' lang='lat' dir='ltr'><strong>inetur,</strong></span> <span class='ocrx_word' id='word_1_29' title='bbox 222 915 269 985; x_wconf 88' lang='lat' dir='ltr'><strong>de</strong></span> <span class='ocrx_word' id='word_1_30' title='bbox 290 939 364 1012; x_wconf 84' lang='lat' dir='ltr'><strong>qua</strong></span> <span class='ocrx_word' id='word_1_31' title='bbox 384 939 496 984; x_wconf 90' lang='lat' dir='ltr'><strong>nemo</strong></span> <span class='ocrx_word' id='word_1_32' title='bbox 515 915 735 1011; x_wconf 78' lang='lat' dir='ltr'><strong>suspicatur.</strong></span> <span class='ocrx_word' id='word_1_33' title='bbox 752 915 838 984; x_wconf 80' lang='lat' dir='ltr'><strong>Aliae</strong></span> <span class='ocrx_word' id='word_1_34' title='bbox 858 931 982 987; x_wconf 87' lang='lat' dir='ltr'><strong>autem</strong></span> <span class='ocrx_word' id='word_1_35' title='bbox 1000 917 1065 988; x_wconf 59' lang='lat' dir='ltr'><strong>de*</strong></span> 
     </span>
     <span class='ocr_line' id='line_1_6' title="bbox 60 1031 1065 1130; baseline 0.005 -28"><span class='ocrx_word' id='word_1_36' title='bbox 60 1033 228 1130; x_wconf 72' lang='lat' dir='ltr'><strong>glutitum</strong></span> <span class='ocrx_word' id='word_1_37' title='bbox 242 1032 604 1119; x_wconf 85' lang='lat' dir='ltr'><strong>comminiscuntur,</strong></span> <span class='ocrx_word' id='word_1_38' title='bbox 620 1047 663 1104; x_wconf 93' lang='lat' dir='ltr'><strong>ut</strong></span> <span class='ocrx_word' id='word_1_39' title='bbox 681 1031 827 1103; x_wconf 86' lang='lat' dir='ltr'><strong>tametsi</strong></span> <span class='ocrx_word' id='word_1_40' title='bbox 844 1033 883 1102; x_wconf 91' lang='lat' dir='ltr'><strong>in</strong></span> <span class='ocrx_word' id='word_1_41' title='bbox 898 1035 990 1105; x_wconf 89' lang='lat' dir='ltr'><strong>vivis</strong></span> <span class='ocrx_word' id='word_1_42' title='bbox 1001 1050 1065 1107; x_wconf 87' lang='lat' dir='ltr'><strong>aut</strong></span> 
     </span>
     <span class='ocr_line' id='line_1_7' title="bbox 61 1147 1063 1246; baseline -0.001 -22"><span class='ocrx_word' id='word_1_43' title='bbox 61 1152 221 1224; x_wconf 88' lang='lat' dir='ltr'><strong>mortuis·</strong></span> <span class='ocrx_word' id='word_1_44' title='bbox 234 1149 370 1220; x_wconf 89' lang='lat' dir='ltr'><strong>medici</strong></span> <span class='ocrx_word' id='word_1_45' title='bbox 390 1147 677 1246; x_wconf 82' lang='lat' dir='ltr'><strong>deprehendant</strong></span> <span class='ocrx_word' id='word_1_46' title='bbox 701 1149 777 1237; x_wconf 84' lang='lat' dir='ltr'><strong>his,</strong></span> <span class='ocrx_word' id='word_1_47' title='bbox 794 1147 901 1222; x_wconf 86' lang='lat' dir='ltr'><strong>fucus</strong></span> <span class='ocrx_word' id='word_1_48' title='bbox 927 1149 999 1222; x_wconf 86' lang='lat' dir='ltr'><strong>fiat.</strong></span> <span class='ocrx_word' id='word_1_49' title='bbox 1019 1157 1063 1223; x_wconf 91' lang='lat' dir='ltr'><strong>Et</strong></span> 
     </span>
     <span class='ocr_line' id='line_1_8' title="bbox 61 1264 1062 1366; baseline 0.007 -31"><span class='ocrx_word' id='word_1_50' title='bbox 61 1265 124 1338; x_wconf 84' lang='lat' dir='ltr'><strong>fuit</strong></span> <span class='ocrx_word' id='word_1_51' title='bbox 135 1268 294 1366; x_wconf 88' lang='lat' dir='ltr'><strong>quidem</strong></span> <span class='ocrx_word' id='word_1_52' title='bbox 315 1268 403 1338; x_wconf 89' lang='lat' dir='ltr'><strong>olim</strong></span> <span class='ocrx_word' id='word_1_53' title='bbox 421 1291 507 1358; x_wconf 86' lang='lat' dir='ltr'><strong>curn</strong></span> <span class='ocrx_word' id='word_1_54' title='bbox 525 1264 634 1338; x_wconf 68' lang='lat' dir='ltr'><strong>fiscus</strong></span> <span class='ocrx_word' id='word_1_55' title='bbox 650 1267 760 1338; x_wconf 87' lang='lat' dir='ltr'><strong>etiam</strong></span> <span class='ocrx_word' id='word_1_56' title='bbox 774 1267 813 1338; x_wconf 89' lang='lat' dir='ltr'><strong>in</strong></span> <span class='ocrx_word' id='word_1_57' title='bbox 828 1268 933 1338; x_wconf 87' lang='lat' dir='ltr'><strong>Italia</strong></span> <span class='ocrx_word' id='word_1_58' title='bbox 945 1268 1062 1359; x_wconf 80' lang='lat' dir='ltr'><strong>fieret,</strong></span> 
     </span>
     <span class='ocr_line' id='line_1_9' title="bbox 60 1385 1063 1482; baseline 0.003 -28"><span class='ocrx_word' id='word_1_59' title='bbox 60 1397 98 1455; x_wconf 91' lang='lat' dir='ltr'><strong>ut</strong></span> <span class='ocrx_word' id='word_1_60' title='bbox 113 1411 133 1456; x_wconf 87' lang='lat' dir='ltr'><strong>a</strong></span> <span class='ocrx_word' id='word_1_61' title='bbox 150 1391 296 1456; x_wconf 85' lang='lat' dir='ltr'><strong>Veneta</strong></span> <span class='ocrx_word' id='word_1_62' title='bbox 312 1385 374 1454; x_wconf 89' lang='lat' dir='ltr'><strong>illa</strong></span> <span class='ocrx_word' id='word_1_63' title='bbox 393 1385 539 1481; x_wconf 84' lang='lat' dir='ltr'><strong>virgine</strong></span> <span class='ocrx_word' id='word_1_64' title='bbox 558 1385 667 1480; x_wconf 86' lang='lat' dir='ltr'><strong>cujus</strong></span> <span class='ocrx_word' id='word_1_65' title='bbox 685 1385 866 1482; x_wconf 77' lang='lat' dir='ltr'><strong>magnum·</strong></span> <span class='ocrx_word' id='word_1_66' title='bbox 882 1385 926 1455; x_wconf 90' lang='lat' dir='ltr'><strong>ad</strong></span> <span class='ocrx_word' id='word_1_67' title='bbox 941 1389 1063 1458; x_wconf 82' lang='lat' dir='ltr'><strong>crina-</strong></span> 
     </span>
     <span class='ocr_line' id='line_1_10' title="bbox 61 1500 1064 1599; baseline 0.005 -29"><span class='ocrx_word' id='word_1_68' title='bbox 61 1501 127 1572; x_wconf 85' lang='lat' dir='ltr'><strong>lem</strong></span> <span class='ocrx_word' id='word_1_69' title='bbox 148 1502 381 1599; x_wconf 81' lang='lat' dir='ltr'><strong>praelongam</strong></span> <span class='ocrx_word' id='word_1_70' title='bbox 402 1523 512 1571; x_wconf 87' lang='lat' dir='ltr'><strong>acum</strong></span> <span class='ocrx_word' id='word_1_71' title='bbox 536 1500 715 1571; x_wconf 82' lang='lat' dir='ltr'><strong>adnutum</strong></span> <span class='ocrx_word' id='word_1_72' title='bbox 733 1500 919 1572; x_wconf 87' lang='lat' dir='ltr'><strong>calculum</strong></span> <span class='ocrx_word' id='word_1_73' title='bbox 937 1503 1007 1575; x_wconf 92' lang='lat' dir='ltr'><strong>sub</strong></span> <span class='ocrx_word' id='word_1_74' title='bbox 1025 1503 1064 1574; x_wconf 55' lang='lat' dir='ltr'><strong>fi*-</strong></span> 
     </span>
     <span class='ocr_line' id='line_1_11' title="bbox 61 1618 1063 1720; baseline 0.006 -33"><span class='ocrx_word' id='word_1_75' title='bbox 61 1645 141 1690; x_wconf 88' lang='lat' dir='ltr'><strong>nem</strong></span> <span class='ocrx_word' id='word_1_76' title='bbox 167 1619 294 1690; x_wconf 63' lang='lat' dir='ltr'><strong>saeculi</strong></span> <span class='ocrx_word' id='word_1_77' title='bbox 313 1621 380 1720; x_wconf 61' lang='lat' dir='ltr'><strong>XV</strong></span> <span class='ocrx_word' id='word_1_78' title='bbox 404 1619 627 1689; x_wconf 87' lang='lat' dir='ltr'><strong>memoravit</strong></span> <span class='ocrx_word' id='word_1_79' title='bbox 648 1618 858 1689; x_wconf 83' lang='lat' dir='ltr'><strong>Alexander</strong></span> <span class='ocrx_word' id='word_1_80' title='bbox 882 1621 1063 1693; x_wconf 87' lang='lat' dir='ltr'><strong>Benedic-</strong></span> 
     </span>
     <span class='ocr_line' id='line_1_12' title="bbox 61 1730 1062 1840; baseline 0.004 -34"><span class='ocrx_word' id='word_1_81' title='bbox 61 1750 115 1836; x_wconf 82' lang='lat' dir='ltr'><strong>tus</strong></span> <span class='ocrx_word' id='word_1_82' title='bbox 129 1737 211 1833; x_wconf 77' lang='lat'>(3):</span> <span class='ocrx_word' id='word_1_83' title='bbox 232 1737 296 1833; x_wconf 87' lang='lat' dir='ltr'><strong>qni</strong></span> <span class='ocrx_word' id='word_1_84' title='bbox 313 1730 460 1806; x_wconf 79' lang='lat' dir='ltr'><strong>tametsi</strong></span> <span class='ocrx_word' id='word_1_85' title='bbox 475 1759 540 1806; x_wconf 91' lang='lat' dir='ltr'><strong>eos</strong></span> <span class='ocrx_word' id='word_1_86' title='bbox 554 1735 689 1840; x_wconf 83' lang='lat' dir='ltr'><strong>¹rejecit</strong></span> <span class='ocrx_word' id='word_1_87' title='bbox 707 1733 761 1830; x_wconf 71' lang='lat'><strong>(4)</strong></span> <span class='ocrx_word' id='word_1_88' title='bbox 781 1736 847 1832; x_wconf 88' lang='lat' dir='ltr'><strong>qui</strong></span> <span class='ocrx_word' id='word_1_89' title='bbox 864 1760 933 1833; x_wconf 85' lang='lat' dir='ltr'><strong>per</strong></span> <span class='ocrx_word' id='word_1_90' title='bbox 952 1763 1062 1829; x_wconf 85' lang='lat' dir='ltr'><strong>venas</strong></span> 
     </span>
     <span class='ocr_line' id='line_1_13' title="bbox 62 1850 1064 1948; baseline -0.002 -28"><span class='ocrx_word' id='word_1_91' title='bbox 62 1875 80 1920; x_wconf 86' lang='lat' dir='ltr'><strong>a</strong></span> <span class='ocrx_word' id='word_1_92' title='bbox 97 1851 293 1924; x_wconf 87' lang='lat' dir='ltr'><strong>stomacho</strong></span> <span class='ocrx_word' id='word_1_93' title='bbox 313 1850 359 1920; x_wconf 88' lang='lat' dir='ltr'><strong>ad</strong></span> <span class='ocrx_word' id='word_1_94' title='bbox 375 1851 484 1946; x_wconf 84' lang='lat' dir='ltr'><strong>jecur</strong></span> <span class='ocrx_word' id='word_1_95' title='bbox 498 1850 662 1948; x_wconf 88' lang='lat' dir='ltr'><strong>indeque</strong></span> <span class='ocrx_word' id='word_1_96' title='bbox 682 1850 729 1922; x_wconf 88' lang='lat' dir='ltr'><strong>ad</strong></span> <span class='ocrx_word' id='word_1_97' title='bbox 751 1874 836 1939; x_wconf 87' lang='lat' dir='ltr'><strong>cor,</strong></span> <span class='ocrx_word' id='word_1_98' title='bbox 856 1852 904 1923; x_wconf 83' lang='lat' dir='ltr'><strong>ab</strong></span> <span class='ocrx_word' id='word_1_99' title='bbox 916 1852 1064 1924; x_wconf 73' lang='lat' dir='ltr'><strong>hocan-</strong></span> 
     </span>
     <span class='ocr_line' id='line_1_14' title="bbox 63 1967 1062 2066; baseline 0.002 -28"><span class='ocrx_word' id='word_1_100' title='bbox 63 1983 129 2040; x_wconf 85' lang='lat' dir='ltr'><strong>tem</strong></span> <span class='ocrx_word' id='word_1_101' title='bbox 153 1970 202 2040; x_wconf 86' lang='lat' dir='ltr'><strong>ad</strong></span> <span class='ocrx_word' id='word_1_102' title='bbox 224 1993 333 2039; x_wconf 86' lang='lat' dir='ltr'><strong>renes</strong></span> <span class='ocrx_word' id='word_1_103' title='bbox 351 1969 589 2066; x_wconf 86' lang='lat' dir='ltr'><strong>vesicamque</strong></span> <span class='ocrx_word' id='word_1_104' title='bbox 615 1967 802 2040; x_wconf 82' lang='lat' dir='ltr'><strong>transiisse</strong></span> <span class='ocrx_word' id='word_1_105' title='bbox 828 1991 938 2039; x_wconf 87' lang='lat' dir='ltr'><strong>acum</strong></span> <span class='ocrx_word' id='word_1_106' title='bbox 960 1971 1062 2042; x_wconf 82' lang='lat' dir='ltr'><strong>arbi-</strong></span> 
     </span>
     <span class='ocr_line' id='line_1_15' title="bbox 62 2081 1064 2184; baseline 0.003 -28"><span class='ocrx_word' id='word_1_107' title='bbox 62 2085 272 2174; x_wconf 81' lang='lat' dir='ltr'><strong>trabantur,</strong></span> <span class='ocrx_word' id='word_1_108' title='bbox 294 2081 373 2184; x_wconf 86' lang='lat' dir='ltr'><strong>ipse</strong></span> <span class='ocrx_word' id='word_1_109' title='bbox 390 2101 514 2156; x_wconf 86' lang='lat' dir='ltr'><strong>tamen</strong></span> <span class='ocrx_word' id='word_1_110' title='bbox 535 2091 615 2166; x_wconf 80' lang='lat' dir='ltr'><strong>acie</strong></span> <span class='ocrx_word' id='word_1_111' title='bbox 637 2110 707 2154; x_wconf 83' lang='lat' dir='ltr'><strong>sua</strong></span> <span class='ocrx_word' id='word_1_112' title='bbox 716 2084 909 2184; x_wconf 81' lang='lat' dir='ltr'><strong>paulatim</strong></span> <span class='ocrx_word' id='word_1_113' title='bbox 933 2089 1064 2160; x_wconf 83' lang='lat' dir='ltr'><strong>multo-</strong></span> 
     </span>
    </p>
   </div>
   <div class='ocr_carea' id='block_1_3' title="bbox 61 2208 1171 2303">
    <p class='ocr_par' dir='ltr' id='par_1_3' title="bbox 61 2208 1171 2303">
     <span class='ocr_line' id='line_1_16' title="bbox 61 2208 1171 2303; baseline 0.005 -31"><span class='ocrx_word' id='word_1_114' title='bbox 61 2229 124 2299; x_wconf 81' lang='lat' dir='ltr'><strong>que</strong></span> <span class='ocrx_word' id='word_1_115' title='bbox 140 2218 310 2302; x_wconf 79' lang='lat' dir='ltr'><strong>tempore</strong></span> <span class='ocrx_word' id='word_1_116' title='bbox 329 2208 504 2273; x_wconf 78' lang='lat' dir='ltr'><strong>intestina</strong></span> <span class='ocrx_word' id='word_1_117' title='bbox 519 2209 775 2300; x_wconf 66' lang='lat' dir='ltr'><strong>penetravisse</strong></span> <span class='ocrx_word' id='word_1_118' title='bbox 798 2210 976 2303; x_wconf 77' lang='lat' dir='ltr'><strong>viamque</strong></span> <span class='ocrx_word' id='word_1_119' title='bbox 995 2209 1065 2280; x_wconf 72' lang='lat' dir='ltr'><strong>sibi</strong></span> <span class='ocrx_word' id='word_1_120' title='bbox 1169 2283 1171 2287; x_wconf 62' lang='grc'>,</span> 
     </span>
    </p>
   </div>
   <div class='ocr_carea' id='block_1_4' title="bbox 53 2320 1151 3477">
    <p class='ocr_par' dir='ltr' id='par_1_4' title="bbox 53 2320 1151 3358">
     <span class='ocr_line' id='line_1_17' title="bbox 53 2320 1057 2420; baseline 0.009 -31"><span class='ocrx_word' id='word_1_121' title='bbox 53 2321 177 2407; x_wconf 80' lang='lat' dir='ltr'><strong>fecisse</strong></span> <span class='ocrx_word' id='word_1_122' title='bbox 194 2321 366 2408; x_wconf 83' lang='lat' dir='ltr'><strong>censuit,</strong></span> <span class='ocrx_word' id='word_1_123' title='bbox 386 2320 441 2390; x_wconf 87' lang='lat' dir='ltr'><strong>ad</strong></span> <span class='ocrx_word' id='word_1_124' title='bbox 452 2326 634 2408; x_wconf 76' lang='lat' dir='ltr'><strong>vesicam,</strong></span> <span class='ocrx_word' id='word_1_125' title='bbox 659 2335 701 2390; x_wconf 92' lang='lat' dir='ltr'><strong>ut</strong></span> <span class='ocrx_word' id='word_1_126' title='bbox 718 2321 756 2390; x_wconf 91' lang='lat' dir='ltr'><strong>in</strong></span> <span class='ocrx_word' id='word_1_127' title='bbox 773 2346 818 2392; x_wconf 90' lang='lat' dir='ltr'><strong>eo</strong></span> <span class='ocrx_word' id='word_1_128' title='bbox 837 2323 1057 2420; x_wconf 89' lang='lat' dir='ltr'><strong>probandus</strong></span> 
     </span>
     <span class='ocr_line' id='line_1_18' title="bbox 60 2438 1057 2534; baseline 0.006 -26"><span class='ocrx_word' id='word_1_129' title='bbox 60 2439 155 2534; x_wconf 89' lang='lat' dir='ltr'><strong>quod</strong></span> <span class='ocrx_word' id='word_1_130' title='bbox 169 2439 394 2512; x_wconf 86' lang='lat' dir='ltr'><strong>sententiam</strong></span> <span class='ocrx_word' id='word_1_131' title='bbox 415 2438 620 2522; x_wconf 87' lang='lat' dir='ltr'><strong>damnavit,</strong></span> <span class='ocrx_word' id='word_1_132' title='bbox 643 2461 756 2534; x_wconf 87' lang='lat' dir='ltr'><strong>quam</strong></span> <span class='ocrx_word' id='word_1_133' title='bbox 773 2439 851 2510; x_wconf 90' lang='lat' dir='ltr'><strong>aliis</strong></span> <span class='ocrx_word' id='word_1_134' title='bbox 869 2442 986 2512; x_wconf 88' lang='lat' dir='ltr'><strong>miror</strong></span> <span class='ocrx_word' id='word_1_135' title='bbox 998 2445 1057 2514; x_wconf 84' lang='lat' dir='ltr'><strong>vel</strong></span> 
     </span>
     <span class='ocr_line' id='line_1_19' title="bbox 59 2553 1151 2658; baseline 0.008 -35"><span class='ocrx_word' id='word_1_136' title='bbox 59 2553 164 2655; x_wconf 86' lang='lat' dir='ltr'><strong>longo</strong></span> <span class='ocrx_word' id='word_1_137' title='bbox 182 2573 270 2656; x_wconf 90' lang='lat' dir='ltr'><strong>post</strong></span> <span class='ocrx_word' id='word_1_138' title='bbox 289 2572 460 2653; x_wconf 87' lang='lat' dir='ltr'><strong>tempore</strong></span> <span class='ocrx_word' id='word_1_139' title='bbox 480 2555 681 2653; x_wconf 85' lang='lat' dir='ltr'><strong>placuisse,</strong></span> <span class='ocrx_word' id='word_1_140' title='bbox 705 2556 755 2626; x_wconf 84' lang='lat' dir='ltr'><strong>ita</strong></span> <span class='ocrx_word' id='word_1_141' title='bbox 773 2557 812 2626; x_wconf 89' lang='lat' dir='ltr'><strong>in</strong></span> <span class='ocrx_word' id='word_1_142' title='bbox 829 2557 943 2630; x_wconf 83' lang='lat' dir='ltr'><strong>altera</strong></span> <span class='ocrx_word' id='word_1_143' title='bbox 966 2585 1059 2658; x_wconf 83' lang='lat' dir='ltr'><strong>pro·</strong></span> <span class='ocrx_word' id='word_1_144' title='bbox 1150 2647 1151 2650; x_wconf 8' lang='grc' dir='ltr'><strong>Ἴ</strong></span> 
     </span>
     <span class='ocr_line' id='line_1_20' title="bbox 61 2671 1055 2771; baseline 0.004 -25"><span class='ocrx_word' id='word_1_145' title='bbox 61 2675 249 2769; x_wconf 83' lang='lat' dir='ltr'><strong>ponenda,</strong></span> <span class='ocrx_word' id='word_1_146' title='bbox 269 2699 351 2771; x_wconf 88' lang='lat' dir='ltr'><strong>quae</strong></span> <span class='ocrx_word' id='word_1_147' title='bbox 367 2673 626 2771; x_wconf 87' lang='lat' dir='ltr'><strong>multoplures</strong></span> <span class='ocrx_word' id='word_1_148' title='bbox 645 2671 777 2744; x_wconf 83' lang='lat' dir='ltr'><strong>habuit</strong></span> <span class='ocrx_word' id='word_1_149' title='bbox 787 2676 962 2764; x_wconf 85' lang='lat' dir='ltr'><strong>asseclas,</strong></span> <span class='ocrx_word' id='word_1_150' title='bbox 976 2703 1055 2750; x_wconf 89' lang='lat' dir='ltr'><strong>non</strong></span> 
     </span>
     <span class='ocr_line' id='line_1_21' title="bbox 61 2785 1057 2891; baseline 0.009 -33"><span class='ocrx_word' id='word_1_151' title='bbox 61 2785 156 2864; x_wconf 78' lang='lat' dir='ltr'><strong>facile</strong></span> <span class='ocrx_word' id='word_1_152' title='bbox 176 2791 390 2863; x_wconf 75' lang='lat' dir='ltr'><strong>unitandus.</strong></span> <span class='ocrx_word' id='word_1_153' title='bbox 411 2793 544 2886; x_wconf 87' lang='lat' dir='ltr'><strong>Neque</strong></span> <span class='ocrx_word' id='word_1_154' title='bbox 562 2789 663 2859; x_wconf 87' lang='lat' dir='ltr'><strong>euim</strong></span> <span class='ocrx_word' id='word_1_155' title='bbox 678 2787 740 2860; x_wconf 85' lang='lat' dir='ltr'><strong>hic</strong></span> <span class='ocrx_word' id='word_1_156' title='bbox 755 2789 801 2860; x_wconf 86' lang='lat' dir='ltr'><strong>de</strong></span> <span class='ocrx_word' id='word_1_157' title='bbox 814 2794 919 2862; x_wconf 87' lang='lat' dir='ltr'><strong>tenui</strong></span> <span class='ocrx_word' id='word_1_158' title='bbox 932 2794 1057 2891; x_wconf 87' lang='lat' dir='ltr'><strong>aliqua</strong></span> 
     </span>
     <span class='ocr_line' id='line_1_22' title="bbox 62 2906 1057 3008; baseline -0.009 -28"><span class='ocrx_word' id='word_1_159' title='bbox 62 2932 123 2980; x_wconf 78' lang='lat' dir='ltr'><strong>acu</strong></span> <span class='ocrx_word' id='word_1_160' title='bbox 143 2911 285 3008; x_wconf 83' lang='lat' dir='ltr'><strong>agitur,</strong></span> <span class='ocrx_word' id='word_1_161' title='bbox 300 2907 365 2980; x_wconf 82' lang='lat' dir='ltr'><strong>sed</strong></span> <span class='ocrx_word' id='word_1_162' title='bbox 383 2907 430 2977; x_wconf 87' lang='lat' dir='ltr'><strong>de</strong></span> <span class='ocrx_word' id='word_1_163' title='bbox 446 2907 599 2993; x_wconf 71' lang='lat' dir='ltr'><strong>ortissu,</strong></span> <span class='ocrx_word' id='word_1_164' title='bbox 618 2906 736 2976; x_wconf 86' lang='lat' dir='ltr'><strong>altero</strong></span> <span class='ocrx_word' id='word_1_165' title='bbox 757 2929 920 3006; x_wconf 85' lang='lat' dir='ltr'><strong>persaepe</strong></span> <span class='ocrx_word' id='word_1_166' title='bbox 937 2925 1057 2984; x_wconf 82' lang='lat' dir='ltr'><strong>extre.</strong></span> 
     </span>
     <span class='ocr_line' id='line_1_23' title="bbox 62 3023 1057 3127; baseline -0.006 -31"><span class='ocrx_word' id='word_1_167' title='bbox 62 3050 117 3098; x_wconf 86' lang='lat' dir='ltr'><strong>mo</strong></span> <span class='ocrx_word' id='word_1_168' title='bbox 131 3028 230 3099; x_wconf 87' lang='lat' dir='ltr'><strong>bene</strong></span> <span class='ocrx_word' id='word_1_169' title='bbox 249 3027 441 3124; x_wconf 87' lang='lat' dir='ltr'><strong>capitatis,</strong></span> <span class='ocrx_word' id='word_1_170' title='bbox 458 3025 576 3096; x_wconf 86' lang='lat' dir='ltr'><strong>altero</strong></span> <span class='ocrx_word' id='word_1_171' title='bbox 594 3023 785 3096; x_wconf 86' lang='lat' dir='ltr'><strong>interdurn</strong></span> <span class='ocrx_word' id='word_1_172' title='bbox 805 3048 883 3095; x_wconf 91' lang='lat' dir='ltr'><strong>non</strong></span> <span class='ocrx_word' id='word_1_173' title='bbox 905 3027 955 3098; x_wconf 83' lang='lat' dir='ltr'><strong>ita</strong></span> <span class='ocrx_word' id='word_1_174' title='bbox 971 3053 1057 3127; x_wconf 82' lang='lat' dir='ltr'><strong>acu.</strong></span> 
     </span>
     <span class='ocr_line' id='line_1_24' title="bbox 61 3123 1144 3244; baseline 0.007 -32"><span class='ocrx_word' id='word_1_175' title='bbox 61 3145 118 3232; x_wconf 72' lang='lat' dir='ltr'><strong>tis3</strong></span> <span class='ocrx_word' id='word_1_176' title='bbox 135 3171 285 3244; x_wconf 90' lang='lat' dir='ltr'><strong>semper</strong></span> <span class='ocrx_word' id='word_1_177' title='bbox 305 3162 429 3214; x_wconf 83' lang='lat' dir='ltr'><strong>autern</strong></span> <span class='ocrx_word' id='word_1_178' title='bbox 448 3145 462 3238; x_wconf 88' lang='lat'>(</span> <span class='ocrx_word' id='word_1_179' title='bbox 478 3144 518 3212; x_wconf 87' lang='lat' dir='ltr'><strong>in</strong></span> <span class='ocrx_word' id='word_1_180' title='bbox 536 3123 719 3214; x_wconf 57' lang='lat' dir='ltr'><strong>istis‘dieo</strong></span> <span class='ocrx_word' id='word_1_181' title='bbox 747 3166 829 3239; x_wconf 84' lang='lat' dir='ltr'><strong>quae</strong></span> <span class='ocrx_word' id='word_1_182' title='bbox 858 3143 1056 3242; x_wconf 77' lang='lat' dir='ltr'><strong>deglutitus</strong></span> <span class='ocrx_word' id='word_1_183' title='bbox 1143 3181 1144 3186; x_wconf 43' lang='lat'>¹</span> 
     </span>
     <span class='ocr_line' id='line_1_25' title="bbox 61 3257 1110 3358; baseline 0.005 -28"><span class='ocrx_word' id='word_1_184' title='bbox 61 3259 102 3331; x_wconf 86' lang='lat' dir='ltr'><strong>ab</strong></span> <span class='ocrx_word' id='word_1_185' title='bbox 120 3285 156 3333; x_wconf 88' lang='lat' dir='ltr'><strong>se</strong></span> <span class='ocrx_word' id='word_1_186' title='bbox 176 3263 303 3349; x_wconf 79' lang='lat' dir='ltr'><strong>aiu-nt,</strong></span> <span class='ocrx_word' id='word_1_187' title='bbox 323 3257 558 3358; x_wconf 88' lang='lat' dir='ltr'><strong>pudibundis</strong></span> <span class='ocrx_word' id='word_1_188' title='bbox 569 3257 803 3358; x_wconf 86' lang='lat' dir='ltr'><strong>virginibus)</strong></span> <span class='ocrx_word' id='word_1_189' title='bbox 818 3263 923 3356; x_wconf 87' lang='lat' dir='ltr'><strong>quasi</strong></span> <span class='ocrx_word' id='word_1_190' title='bbox 936 3263 982 3334; x_wconf 94' lang='lat' dir='ltr'><strong>de</strong></span> <span class='ocrx_word' id='word_1_191' title='bbox 997 3267 1057 3335; x_wconf 83' lang='lat' dir='ltr'><strong>in·</strong></span> <span class='ocrx_word' id='word_1_192' title='bbox 1107 3313 1110 3320; x_wconf 89' lang='lat'><em>.</em></span> 
     </span>
    </p>

    <p class='ocr_par' dir='ltr' id='par_1_5' title="bbox 64 3375 1056 3477">
     <span class='ocr_line' id='line_1_26' title="bbox 64 3375 1056 3477; baseline 0.008 -33"><span class='ocrx_word' id='word_1_193' title='bbox 64 3375 193 3450; x_wconf 84' lang='lat' dir='ltr'><strong>dustria</strong></span> <span class='ocrx_word' id='word_1_194' title='bbox 213 3378 374 3477; x_wconf 71' lang='lat' dir='ltr'><strong>vesicam</strong></span> <span class='ocrx_word' id='word_1_195' title='bbox 393 3375 609 3474; x_wconf 89' lang='lat' dir='ltr'><strong>petentibus</strong></span> <span class='ocrx_word' id='word_1_196' title='bbox 642 3401 766 3471; x_wconf 86' lang='lat' dir='ltr'><strong>neque</strong></span> <span class='ocrx_word' id='word_1_197' title='bbox 785 3376 829 3446; x_wconf 92' lang='lat' dir='ltr'><strong>iis</strong></span> <span class='ocrx_word' id='word_1_198' title='bbox 853 3381 998 3474; x_wconf 86' lang='lat' dir='ltr'><strong>praeviis</strong></span> <span class='ocrx_word' id='word_1_199' title='bbox 1020 3397 1056 3452; x_wconf 88' lang='lat' dir='ltr'><strong>et</strong></span> 
     </span>
    </p>
   </div>
   <div class='ocr_carea' id='block_1_5' title="bbox 110 3691 597 4063">
    <p class='ocr_par' dir='ltr' id='par_1_6' title="bbox 110 3691 395 3769">
     <span class='ocr_line' id='line_1_27' title="bbox 110 3691 395 3769; baseline -0.004 -21"><span class='ocrx_word' id='word_1_200' title='bbox 110 3693 137 3769; x_wconf 86' lang='lat'><strong>1)</strong></span> <span class='ocrx_word' id='word_1_201' title='bbox 155 3691 315 3750; x_wconf 88' lang='lat' dir='ltr'><strong>Lithotom.</strong></span> <span class='ocrx_word' id='word_1_202' title='bbox 331 3712 356 3748; x_wconf 87' lang='lat' dir='ltr'><strong>c.</strong></span> <span class='ocrx_word' id='word_1_203' title='bbox 370 3693 395 3748; x_wconf 85' lang='lat'><strong>3.</strong></span> 
     </span>
    </p>

    <p class='ocr_par' dir='ltr' id='par_1_7' title="bbox 110 3791 463 3867">
     <span class='ocr_line' id='line_1_28' title="bbox 110 3791 463 3867; baseline -0.003 -21"><span class='ocrx_word' id='word_1_204' title='bbox 110 3793 137 3867; x_wconf 67' lang='grc' dir='ltr'><strong>α).</strong></span> <span class='ocrx_word' id='word_1_205' title='bbox 157 3794 266 3849; x_wconf 81' lang='lat' dir='ltr'><strong>Adnot.</strong></span> <span class='ocrx_word' id='word_1_206' title='bbox 279 3793 318 3848; x_wconf 86' lang='lat' dir='ltr'><strong>ad</strong></span> <span class='ocrx_word' id='word_1_207' title='bbox 330 3791 380 3848; x_wconf 87' lang='lat' dir='ltr'><strong>cit.</strong></span> <span class='ocrx_word' id='word_1_208' title='bbox 399 3791 463 3848; x_wconf 81' lang='lat' dir='ltr'><strong>obs.</strong></span> 
     </span>
    </p>

    <p class='ocr_par' dir='ltr' id='par_1_8' title="bbox 110 3887 597 4063">
     <span class='ocr_line' id='line_1_29' title="bbox 110 3887 597 3968; baseline -0.012 -21"><span class='ocrx_word' id='word_1_209' title='bbox 110 3892 137 3968; x_wconf 76' lang='lat'><strong>3)</strong></span> <span class='ocrx_word' id='word_1_210' title='bbox 156 3894 230 3950; x_wconf 89' lang='lat' dir='ltr'><strong>Hist.</strong></span> <span class='ocrx_word' id='word_1_211' title='bbox 248 3909 331 3968; x_wconf 79' lang='lat' dir='ltr'><strong>corp.</strong></span> <span class='ocrx_word' id='word_1_212' title='bbox 343 3887 426 3950; x_wconf 76' lang='lat' dir='ltr'><strong>llum.</strong></span> <span class='ocrx_word' id='word_1_213' title='bbox 440 3891 461 3946; x_wconf 92' lang='lat' dir='ltr'><strong>l.</strong></span> <span class='ocrx_word' id='word_1_214' title='bbox 481 3907 512 3958; x_wconf 71' lang='grc' dir='ltr'><strong>α,</strong></span> <span class='ocrx_word' id='word_1_215' title='bbox 529 3908 553 3944; x_wconf 89' lang='lat' dir='ltr'><strong>c.</strong></span> <span class='ocrx_word' id='word_1_216' title='bbox 568 3907 597 3962; x_wconf 80' lang='lat'><strong>9.</strong></span> 
     </span>
     <span class='ocr_line' id='line_1_30' title="bbox 111 3986 418 4063; baseline -0.013 -15"><span class='ocrx_word' id='word_1_217' title='bbox 111 3986 136 4063; x_wconf 77' lang='lat' dir='ltr'><strong>l)</strong></span> <span class='ocrx_word' id='word_1_218' title='bbox 157 3993 188 4046; x_wconf 93' lang='lat' dir='ltr'><strong>L.</strong></span> <span class='ocrx_word' id='word_1_219' title='bbox 202 3989 236 4059; x_wconf 85' lang='lat'><strong>5,</strong></span> <span class='ocrx_word' id='word_1_220' title='bbox 250 4010 274 4046; x_wconf 89' lang='lat' dir='ltr'><strong>c.</strong></span> <span class='ocrx_word' id='word_1_221' title='bbox 291 3991 335 4046; x_wconf 77' lang='lat'><strong>13.</strong></span> <span class='ocrx_word' id='word_1_222' title='bbox 414 4034 418 4044; x_wconf 92' lang='lat'><em>.</em></span> 
     </span>
    </p>
   </div>
   <div class='ocr_carea' id='block_1_6' title="bbox 96 3689 109 4064">
    <p class='ocr_par' dir='ltr' id='par_1_9' title="bbox 96 3689 109 4064">
     <span class='ocr_line' id='line_1_31' title="bbox 96 3689 107 3766; baseline 0 0"><span class='ocrx_word' id='word_1_223' title='bbox 96 3689 107 3766; x_wconf 82' lang='lat' dir='ltr'><strong>l</strong></span> 
     </span>
     <span class='ocr_line' id='line_1_32' title="bbox 97 3788 108 3864; baseline 0 0"><span class='ocrx_word' id='word_1_224' title='bbox 97 3788 108 3864; x_wconf 91' lang='grc'>(</span> 
     </span>
     <span class='ocr_line' id='line_1_33' title="bbox 98 3887 108 3967; baseline 0 0"><span class='ocrx_word' id='word_1_225' title='bbox 98 3887 108 3967; x_wconf 85' lang='lat' dir='ltr'><strong>l</strong></span> 
     </span>
     <span class='ocr_line' id='line_1_34' title="bbox 99 3985 109 4064; baseline 0 0"><span class='ocrx_word' id='word_1_226' title='bbox 99 3985 109 4064; x_wconf 89' lang='lat' dir='ltr'><strong>l</strong></span> 
     </span>
    </p>
   </div>
   <div class='ocr_carea' id='block_1_7' title="bbox 0 0 1370 4676">
    <p class='ocr_par' dir='ltr' id='par_1_10' title="bbox 0 0 1370 4676">
     <span class='ocr_line' id='line_1_35' title="bbox 0 0 1370 4676; baseline 0 0"><span class='ocrx_word' id='word_1_227' title='bbox 0 0 1370 4676; x_wconf 95' lang='lat' dir='ltr'><strong> </strong></span> 
     </span>
    </p>
   </div>
  </div>
 </body>
</html>
