2850 4670
294 487 360 564 182
454 511 500 560 or
527 509 671 562 srmeos
696 513 744 558 rr»
765 510 887 558 crusis
913 509 1121 586 nonrornu

288 630 402 700 nutus
422 641 459 697 et
474 649 543 723 per
562 647 671 697 nares
699 625 835 708 exitus,
859 625 889 694 si
916 622 1081 722 profuit,
1104 625 1289 715 hactenus

287 745 446 846 profuit,
460 757 501 814 ut
521 742 567 816 ad
584 743 817 840 trigesimum
833 761 952 839 usquc
969 741 1068 814 diem
1079 744 1194 815 vitam
1206 769 1292 842 pro·

287 862 452 936 traxerit.
483 864 624 932 Verum
653 875 695 930 ut
724 859 772 930 ad
796 860 1045 958 propositasa
1067 860 1290 948 Bartholino

286 979 521 1054 excretiones
545 976 766 1065 redeamus,
790 976 940 1074 dignam
961 978 1000 1047 in
1020 979 1151 1076 primis
1169 979 1291 1052 adno-

285 1099 426 1169 tatione
441 1093 563 1166 Caroli
581 1095 728 1166 Pisonis,
743 1092 1041 1192 observationem
1055 1096 1226 1194 (1)quod
1242 1097 1291 1170 ad

286 1214 444 1290 sudores
459 1212 609 1302 attinet,
629 1212 824 1300 indicavit3
842 1227 1083 1285 erantautem
1100 1213 1290 1300 diuturni,

285 1333 444 1422 assidui,
463 1331 627 1430 copiosi,
643 1344 680 1400 et
696 1343 772 1400 tarn
790 1326 898 1420 olidi,
917 1344 959 1400 ut
974 1331 1036 1401 vix
1054 1329 1142 1402 ferri
1162 1349 1290 1430 posset

287 1451 558 1560 graveolentia:
579 1449 697 1519 mictu
722 1449 847 1546 itaque
866 1447 1019 1520 demum
1040 1450 1290 1548 succedente,

286 1599 383 1675 aeger
392 1571 573 1644 liberatus
590 1581 656 1639 est.
672 1569 760 1637 Non
775 1567 827 1638 sic
842 1563 941 1637 felici
954 1589 1032 1639 esse
1047 1567 1207 1666 contigit
1214 1571 1290 1641 vir-

287 1694 365 1794 gini
382 1691 428 1762 de
448 1712 523 1785 qua
543 1684 653 1756 nubis
671 1681 857 1754 referebat
874 1687 1006 1756 Petrus
1023 1686 1203 1758 Nanniuo
1230 1687 1291 1760 Illi

287 1833 441 1911 quoque
464 1806 531 1876 diu
548 1817 705 1900 propter
733 1800 898 1878 calculos
922 1801 1032 1872 urina
1055 1801 1290 1896 substiterat,

286 1945 329 2002 ut
344 1929 420 2024 jam
434 1921 669 2020 deploratam
697 1917 940 2007 existimaret,
967 1941 1054 1994 cum
1080 1921 1197 1992 sudor
1220 1923 1291 1994 im»

287 2044 389 2115 rnani
407 2041 514 2136 copia
534 2034 734 2134 prorupit,
752 2033 901 2106 urinam
921 2035 1037 2108 olens.
1054 2039 1090 2108 Is
1106 2040 1292 2134 quamdiu

288 2137 461 2245 duravit,
479 2153 627 2226 durarit
660 2167 787 2224 autem
823 2152 870 2224 ad
899 2153 998 2243 dies,
1026 2155 1136 2252 virgo
1153 2155 1292 2229 melius

260 2367 262 2376 y
286 2274 430 2348 hahuit.
442 2277 500 2361 At,
514 2297 559 2343 eo
575 2284 757 2359 cessante,
766 2271 865 2340 intra
877 2270 957 2343 dies
973 2295 1116 2369 paucos
1125 2273 1293 2348 thoracis

287 2391 460 2491 hydrope
478 2389 674 2486 absumpta
694 2402 758 2460 cst.
777 2387 849 2462 sed
877 2387 947 2460 hac
962 2387 1107 2463 felicior
1128 2385 1176 2462 ad
1194 2408 1292 2465 tern-

287 2533 361 2611 pus
389 2509 459 2580 fuit
486 2509 603 2580 altera
630 2507 721 2578 olim
744 2501 890 2578 'Patauii
913 2508 1039 2605 virgo,
1066 2507 1115 2580 de
1139 2530 1217 2607 quav
1248 2530 1293 2582 ex

290 2643 461 2728 spectatae
497 2624 585 2698 fidei
612 2623 761 2695 medico
790 2638 917 2694 narrat
945 2625 1152 2698 Marcellus
1167 2625 1294 2700 Dono·

288 2763 353 2820 tus
363 2745 427 2843 (2).
445 2743 593 2815 Scilicet
610 2765 689 2814 uon
707 2755 790 2813 toto
802 2740 957 2838 quidem
971 2763 1017 2813 ex
1032 2764 1214 2842 corpore,
1228 2747 1294 2841 sed

289 2880 439 2936 tanturn
464 2885 510 2934 er
540 2866 694 2957 regione
712 2857 911 2931 uentriculi
930 2859 1137 2932 resudabot
1157 2858 1296 2934 humor

289 2983 346 3052 ud
353 2981 521 3079 plurium
532 2977 711 3050 librorum
711 2975 885 3074 pondus,
905 2975 1032 3048 colore
1039 2991 1076 3048 ct
1086 2979 1207 3052 odore
1217 2986 1294 3052 uri·

290 3120 379 3168 nam
398 3100 576 3189 reserens,
603 3117 689 3166 com
720 3093 799 3174 haec
817 3117 904 3164 -ncn
933 3094 1055 3167 solum
1075 3096 1140 3168 sed
1160 3112 1199 3170 et
1211 3100 1294 3186 ,alvi
1356 3133 1359 3142 ·

291 3235 492 3314 suppressa
506 3226 628 3284 essent
640 3225 883 3284 recremento
898 3213 988 3302 Quae
997 3265 1006 3301 ,
1016 3231 1102 3284 cum
1116 3237 1179 3290 sex
1191 3215 1294 3314 ipsos
1326 3229 1329 3236 '

292 3355 439 3402 menses
458 3330 554 3400 nihil
573 3343 681 3414 antea
697 3329 814 3399 urinae
832 3328 1075 3417 redderetur,
1093 3332 1294 3432 supplevis-

291 3431 353 3533 ee,
377 3462 468 3516 tunc
491 3445 663 3518 videlicet
673 3448 820 3542 fluente
845 3445 949 3532 alvo,
972 3447 1112 3526 credita
1131 3446 1289 3521 fuerant.

288 3565 389 3654 Quin
408 3564 518 3633 etiam
545 3561 769 3634 insensibilis
793 3563 1017 3660 perspiratio
1037 3565 1212 3664 supplere
1238 3567 1291 3638 vi·

188 3681 190 3685 ’
287 3681 400 3753 detur
416 3682 454 3749 in
469 3680 608 3775 juvene
626 3678 782 3768 femina,
805 3701 887 3776 quae
906 3677 1117 3773 r'arissimo,
1146 3683 1211 3756 sed
1231 3708 1290 3757 eo·

286 3861 1286 3894 mum-*mmm

325 3964 369 4040 (ι)
391 3965 435 4020 De
448 3961 545 4019 morb.
561 3965 598 4019 ab
612 3982 709 4039 uqua,
724 3984 748 4021 e.
764 3973 799 4038 4,
820 3989 845 4026 o.
859 3970 888 4027 θ.
900 3969 964 4030 ous.
979 3984 1045 4042 ιη.

326 4060 369 4142 (u)
391 4065 425 4120 C.
440 4083 475 4135 ²7
492 4061 542 4120 cit.
559 4083 647 4139 supra
659 4065 697 4122 ad
709 4086 740 4122 m
749 4078 780 4122 a.
