2740 4670
151 504 217 550 mn.
246 494 301 546 111.
330 499 376 545 nn
402 492 728 562 uoratsvnurms,
754 483 864 549 aliar.
892 452 1078 566 rlmthS

80 617 230 714 mejam
255 613 480 687 calculosam
503 611 917 706 materiam'refcrrem,
941 613 1023 716 quac
1042 623 1080 698 iu

80 736 162 806 sinu
183 731 349 830 quodam
368 732 467 806 iutra
486 730 655 807 eamdem
674 733 887 829 glandulam
911 740 1082 811 contines

79 853 197 941 batur.
232 852 372 922 inviro
395 865 519 926 autem
541 851 659 926 altero
671 885 682 938 ,·
703 852 808 946 cujus
831 856 973 930 mentio
993 851 1081 932 alibi

80 992 171 1042 ame
185 967 250 1047 liet
265 967 315 1041 ob
333 961 565 1064 peculiarem
583 969 753 1066 praeputii
772 983 808 1038 et
825 970 972 1066 glandis
990 975 1082 1044 uati-

78 1108 161 1157 vam
191 1087 518 1172 consti-tutionem,
544 1108 630 1156 cum
649 1083 764 1156 flavos
786 1087 969 1182 quosdam
998 1110 1082 1186 par·-

78 1218 220 1302 vosque'
234 1203 400 1293 calculos
418 1202 614 1280 altiuscule
627 1204 667 1272 in
687 1213 852 1300 prostata
867 1203 1009 1279 defixos
1025 1207 1083 1276 itt-2·

78 1323 186 1409 veni,
223 1321 319 1418 quid
348 1319 581 1396 incommodi
612 1319 841 1410 attulissent,
878 1325 972 1394 scire
1005 1341 1083 1404 unu
1116 1390 1123 1400 .,

78 1440 197 1540 potui,
215 1451 415 1536 propterea
432 1439 520 1543 quia
535 1439 845 1536 peregrinuserat
859 1437 909 1509 ob
921 1439 1084 1514 thoracis

52 1583 58 1596 ·
79 1557 329 1630 acutissimam
341 1554 594 1652 lethalemque
608 1553 941 1633 inflammationem
955 1560 995 1628 in
1010 1559 1084 1630 lro'c
1125 1629 1128 1633 .

78 1656 342 1751 nosocomium
360 1673 543 1769 receptus,
556 1661 662 1742 tdud
678 1687 803 1751 tamen
821 1673 987 1745 intellexi
1003 1675 1086 1756 fleri

81 1817 161 1864 non
178 1791 345 1890 potuisse
360 1803 402 1860 ut
420 1809 547 1866 semen
558 1791 743 1860 emitteret
754 1845 764 1878 ,
777 1793 918 1890 quippe·
935 1793 1087 1868 calculis
1127 1877 1130 1884 .

77 1909 130 1982 ibi
147 1910 280 2007 positis
297 1905 513 2004 affixisquc,
532 1920 573 1977 ut
593 1908 676 2009 ejus
696 1891 1086 1990 exitumomninoine

78 2025 351 2104 tercludcrent.¹
378 2027 479 2096 Fecit
508 2025 571 2096 illa
600 2024 831 2113 observatio,
859 2043 903 2096 ut
932 2027 1086 2102 aliarum

79 2163 173 2242 quas
183 2143 348 2241 legerar‘u'
356 2197 365 2231 ,
380 2145 526 2214 veniret
537 2143 763 2216 inmente'ni.
777 2143 974 2216 Marcellus
986 2147 1085 2224 eninr
1196 2179 1198 2182 ·

78 2265 250 2332 Donatus
266 2259 321 2356 (r)
341 2261 467 2337 tirum
483 2260 645 2355 incujus
666 2275 830 2356 prostata
845 2250 1010 2358 lapidem
1031 2264 1088 2330 iu-

78 2375 196 2455 fixum
227 2375 500 2475 deprehendit,
531 2401 607 2446 non
640 2383 808 2476 potuisse
828 2455 829 2460 ,
850 2381 996 2476 scripsit
1029 2393 1085 2450 se·
1138 2462 1139 2466 Ἰ

78 2519 180 2582 men,
203 2497 275 2568 niti
277 2505 448 2593 paucum
458 2493 662 2572 admo'dum
673 2523 689 2582 ,*
706 2500 962 2592 aquosumque
972 2497 1089 2574 vuldo
1173 2546 1176 2555 ·

79 2619 115 2682 in
142 2619 244 2682 coitu
265 2623 471 2689 excernere.
493 2611 708 2685 Frideri'cus'
722 2624 846 2688 autern
865 2616 1016 2685 Lossius
1034 2617 1088 2709 (al

80 2731 286 2802 sterilitatis
315 2737 464 2804 causam
499 2726 613 2806 refert
641 2728 825 2808 calculum
857 2735 1091 2802 exactissime
1135 2733 1144 2757 ⁶

80 2863 255 2948 meatum,
271 2845 376 2917 illum
409 2843 665 2935 claudentem,
694 2851 761 2945 qui
790 2871 814 2914 a
836 2846 1025 2943 prostratis
1053 2855 1091 2928 in

81 2965 273 3036 ure't'lzr‘am
299 2962 463 3034 dehiscit.
494 2963 639 3061 Quibus
666 2961 921 3040 accensendus
939 2963 1092 3045 videtur

80 3081 260 3156 Nicolaus
289 3079 335 3152 de
362 3081 502 3179 Blegny
523 3081 599 3177 (3),
618 3083 684 3178 q'ui
700 3079 918 3176 impeditam
938 3063 1089 3162 seminis
1141 3123 1142 3126 π

82 3198 370 3296 ejaculationcm
396 3199 436 3268 in
465 3181 539 3268 alio
570 3199 709 3296 pariter
739 3194 848 3268 fuisse
868 3203 1014 3287 narrat,
1041 3199 1093 3277 ob

82 3315 268 3388 tumidant
289 3315 498 3421 duramque
516 3309 651 3392 laetam
672 3314 913 3385 carunculam
930 3318 1090 3398 semina
1153 3389 1156 3392 ,

83 3428 179 3534 lem,
201 3435 289 3535 quia
303 3441 429 3504 semen
443 3433 498 3510 ibi
510 3433 548 3502 in'
563 3432 728 3530 lapidem
742 3431 989 3520 obduruerat,
1004 3457 1089 3512 cum
1119 3453 1123 3464 ’
1221 3484 1224 3490 ·

83 3576 181 3622 vasa
208 3555 319 3628 etiam
337 3547 773 3648 ejaculantt'a'lapidibu's
790 3548 994 3620 durissimis
1009 3547 1101 3621 sca-.'

126 3847 171 3930 (1)
192 3851 236 3903 Dc
248 3846 354 3902 medic.
373 3847 443 3902 hist.
459 3847 565 3903 mirab.
579 3848 605 3924 l,
617 3856 652 3918 4,
669 3867 694 3902 c.
711 3847 757 3904 30.

126 3938 171 4025 (a)
192 3951 226 4004 L.
244 3968 273 4017 1,
290 3947 353 4002 obs.
369 3949 448 4021 med.
463 3949 511 4004 33.
548 4011 551 4018 ‚

125 4043 175 4126 (3)·
193 4043 313 4128 Zodiac.
332 4047 408 4102 med.
422 4043 489 4128 gall,
504 4049 538 4117 A.
553 4063 584 4116 a,
600 4055 686 4102 mart.
701 4047 764 4102 obs.
785 4053 812 4112 4.

881 4147 944 4220 at*
