2746 4674
125 461 191 506 nra.
219 459 275 505 111.
304 461 351 505 na
377 459 512 507 monins
537 459 708 522 vantram,
739 461 851 508 nrrsr.
878 465 935 509 xa.
968 439 1033 538 157

44 573 291 670 magnitudine
326 597 480 670 aequans
512 587 625 669 caput
652 574 812 646 triennis
839 578 958 673 pueri.
995 581 1040 647 In

44 689 200 760 detrecto·
213 705 340 760 autem
366 689 438 760 doc
462 704 607 760 tumore
625 713 807 776 concava,
834 707 870 762 et
889 698 1040 763 internis

43 809 253 878 membranis
269 806 471 893 distincto,
492 806 631 902 eoagal
696 833 768 904 que
788 805 967 904 sangnine
984 835 1038 880 re·

36 920 151 1017 plote,
168 923 339 994 hoerebat
356 948 423 992 ren
441 925 635 1008 sintaterfl
699 923 783 995 idus
804 939 841 994 et
851 927 1038 1022 putridus.

80 1041 167 1130 Quae
197 1064 285 1110 cum
312 1063 506 1128 memore,
537 1041 655 1110 nolim
682 1040 883 1139 proptere‘a
911 1060 1040 1140 puteS,

41 1157 177 1252 ignotos
192 1157 287 1226 mihi
304 1181 383 1228 esse
395 1157 588 1230 abscessus
603 1159 790 1242 internos,
805 1159 945 1256 quibus
961 1187 1038 1232 non

44 1273 145 1344 modo
155 1273 374 1346 lumborum
388 1274 517 1362 dolor,
535 1291 598 1346 aut
611 1277 716 1346 sacri·
724 1278 834 1365 ossis,
850 1293 913 1348 aut
926 1281 1040 1376 spinae

44 1390 150 1479 dorsi,
176 1391 241 1462 sed
274 1407 311 1462 et
329 1393 446 1464 caries
466 1395 546 1489 ipsa
566 1391 825 1463 vertebrarum
843 1396 889 1465 sit
914 1397 1040 1494 impu·

44 1507 153 1578 tanda.
180 1509 278 1581 Novi
297 1510 415 1595 enim,
432 1523 475 1579 ut
494 1513 591 1605 ques
610 1510 684 1606 legi
705 1512 744 1578 in
766 1513 1040 1586 recentioribus

46 1622 137 1696 libris
163 1625 227 1695 hic
252 1625 437 1714 indicem,
467 1626 661 1698 abscessus
685 1627 724 1696 in
758 1651 800 1698 ea
833 1645 937 1724 parte
963 1655 1039 1701 me·

46 1743 165 1831 secoli,
186 1768 318 1840 quam,
335 1743 489 1816 indocte
510 1745 722 1842 composito
738 1744 945 1833 vocabulo,
959 1771 1039 1817 me-

46 1876 219 1932 sorectum
237 1861 365 1959 piures
386 1860 599 1958 appellant,
616 1861 655 1929 in
679 1860 752 1930 illis
775 1857 887 1933 suisne
910 1862 1039 1960 depre-

47 1976 171 2050 hensos
196 2003 364 2076 quorum
395 1992 662 2075 symptomata,
687 1991 724 2046 et
742 1978 780 2047 in
808 1978 866 2049 his
889 1979 1039 2052 dolores

47 2099 129 2166 intra
148 2121 190 2168 os
215 2119 363 2167 sacram
387 2108 558 2166 accurate
588 2097 628 2165 in
661 2097 897 2168 Commercio
922 2099 1039 2170 Litte-

47 2215 129 2285 rario
155 2213 433 2286 describuntur.
467 2213 729 2310 Novi‘pariter
759 2239 803 2284 ex
824 2215 924 2286 Actis
961 2221 1057 2316 Caeff,

47 2353 138 2403 sareae
158 2330 365 2404 Academiae
389 2331 404 2427 (
424 2329 467 2425 1)
488 2330 727 2419 lumborum,
758 2331 936 2428 dorsique
970 2333 1039 2404 do-

50 2444 130 2519 lores
146 2450 186 2519 in
214 2449 258 2518 iis
278 2445 389 2518 fuisse
415 2449 455 2515 in
484 2446 623 2543 quibus
644 2450 769 2546 magni
798 2450 937 2518 interni
956 2450 1040 2522 abs-

50 2587 155 2638 cessus
192 2564 359 2637 latebant
392 2589 479 2634 eum
498 2564 768 2636 *vertebrarum
801 2581 865 2636 aut
894 2567 1041 2638 lumba-

49 2681 130 2753 rium
145 2680 375 2754 -infimarum
398 2680 613 2777 nigredine,
638 2697 675 2752 et
699 2682 796 2752 carie
822 2707 905 2777 quae
933 2683 1039 2753 dimi-

51 2796 138 2868 dium
157 2801 251 2872 sacri
268 2797 361 2870 ossis
379 2799 419 2866 in
439 2821 552 2893 parva
569 2794 727 2868 frustula
745 2801 1039 2886 comminuerat,

52 2931 103 2986 aut
119 2915 298 2987 lumbaris
310 2915 456 3012 primae,
476 2927 513 2984 et
522 2913 688 2985 thoracis
700 2914 838 2984 ultimae
848 2938 926 2984 non
940 2913 1043 2985 dissi·

53 3033 116 3102 mili
130 3036 229 3104 vitio.
252 3037 329 3104 Nec
344 3048 470 3103 tamen
487 3029 657 3101 oblivisci
682 3053 835 3128 possum
858 3046 922 3102 aut
944 3055 1042 3103 mer-

55 3153 171 3222 catoris
185 3152 357 3248 quicum
374 3171 517 3218 annum
535 3149 725 3245 integrum
743 3147 875 3219 dolore
893 3173 1041 3220 summo

54 3265 90 3335 ad
102 3269 242 3364 spinam
263 3267 366 3338 dorsi
389 3263 613 3351 laborasset,
633 3289 873 3362 aneurysma,
900 3281 941 3336 ut
959 3267 1042 3338 Bal-

52 3379 396 3481 lonius(2)tradidit,
412 3383 451 3452 in
465 3399 569 3453 aorta
584 3381 734 3466 habuit,
745 3381 811 3452 ubi
822 3373 1042 3454 lumBorum

54 3498 261 3573 incumbens
271 3500 472 3587 vertebris,
490 3503 529 3568 in
544 3487 675 3569 iliacas¹
684 3498 886 3587 dividitur,
904 3517 967 3572 aut
983 3526 1043 3598 pa-

9 3665 10 3670 κ
56 3617 139 3687 tricii
151 3617 682 3706 illiusviri,vehementissimo
697 3615 799 3686 dorsi
812 3616 944 3687 dolore
956 3641 1043 3688 con·

91 3897 115 3972 (1
147 3903 203 3956 An.
220 3907 314 3971 1742,
330 3897 419 3957 hebd.
437 3921 494 3970 ao,
513 3920 542 3955 n.
559 3900 586 3956 3.

96 3995 136 4074 (a)
153 4000 317 4076 Paradigm.
335 3999 379 4054 13.
