2810 4668
288 457 358 532 612
440 483 488 534 nr
516 478 663 529 storius
689 479 733 525 rr
760 479 885 526 causrs
911 479 1121 528 nouaouun

286 615 352 681 sao,
376 591 544 692 albaeque
569 592 751 680 materiae,
768 607 842 663 aut
862 592 954 664 alius
974 592 1141 690 denique
1158 591 1290 662 coloris

287 704 387 782 fluor
404 710 554 780 habere.
576 713 692 780 Decet
712 733 794 805 qnae
816 712 936 780 rarius
954 703 1091 781 vidisse
1112 710 1288 795 diximus,

285 828 489 925 propositis
513 803 841 897 observationibus
863 826 924 898 hic
947 825 1195 913 confirmare,
1210 849 1290 922 pra-

288 946 415 1016 sertim
439 969 524 1014 cum
543 943 599 1015 hae
619 942 665 1014 ad
686 945 783 1016 uteri
803 945 1074 1016 excrescentias
1091 945 1290 1030 attineant,

287 1061 334 1134 de
353 1060 491 1166 quibus
512 1062 683 1158 proxime
702 1061 892 1158 sequitur,
908 1077 951 1132 ut
969 1062 1083 1132 verba
1101 1058 1289 1160 faciamos.

285 1179 342 1252 Ad
354 1178 661 1258 observationem
678 1179 804 1275 igitur,
821 1203 936 1275 quani
954 1179 1112 1278 epistola
1128 1178 1292 1249 habuisti

286 1300 441 1368 XXXIV
452 1295 506 1392 (ι)
517 1350 526 1384 ,
536 1297 796 1366 excrescentia
808 1319 890 1393 quae
903 1298 1061 1394 propius
1075 1317 1293 1394 supremum

286 1412 466 1500 lundum,
481 1413 653 1484 vesiculis
673 1411 787 1507 hujus
795 1417 951 1513 generis
966 1413 1188 1510 tegebatur,
1202 1429 1239 1486 et
1250 1413 1291 1483 ad
1371 1413 1372 1420 ’

287 1529 440 1604 alteram
472 1554 605 1628 quam,
634 1549 719 1600 cum
747 1531 819 1600 crit
843 1531 1036 1602 sermone
1055 1531 1294 1602 claudicatio·

282 1673 332 1720 ne
346 1651 418 1743 (a),
438 1646 609 1734 habebis,
624 1644 814 1718 tuberculi
833 1649 938 1744 quod
951 1649 990 1718 in
1008 1651 1091 1746 ips'o
1110 1673 1289 1746 supremo

181 1823 185 1834 .
286 1764 405 1838 fundo
436 1765 659 1837 exiliarum
687 1765 834 1862 aggerie
865 1765 1081 1854 constabat,
1109 1766 1180 1838 has
1204 1765 1293 1838 adde

287 1907 369 1982 quae
392 1899 616 1980 sequuntur.

337 2027 393 2072 at.
415 1999 556 2072 Vetula
575 2000 779 2080 urinarias,
794 2015 830 2070 et
843 2001 1021 2097 genitales
1033 2019 1161 2098 partes
1175 2001 1226 2072 ad
1240 2025 1295 2071 me

286 2119 511 2201 attulerant,
536 2135 737 2187 anatomen
761 2117 800 2186 in
826 2119 1021 2214 gymnasio
1042 2119 1294 2215 explicantem

286 2233 476 2306 februario
492 2257 620 2305 mense
634 2235 724 2304 anni
742 2239 843 2330 1740.
858 2235 1174 2306 Aortae'truneutu
1186 2290 1196 2323 ,
1207 2235 1294 2306 dum

202 2375 209 2395 ⁴
286 2352 369 2423 illas
394 2351 663 2439 examinarem,
683 2352 930 2423 animadverti
949 2367 1026 2422 uon
1048 2376 1178 2424 carere
1200 2356 1297 2424 intus

285 2491 483 2544 osseamtn.
502 2469 784 2566 squamularum
798 2470 930 2556 initiis,
944 2461 1120 2568 ‘quamvis
1134 2495 1298 2568 perpau-

286 2587 355 2677 cis,
383 2604 419 2660 et
449 2586 680 2658 macularum
709 2587 827 2658 instar
859 2611 896 2660 se
926 2586 1164 2660 habentibus.
1197 2588 1297 2659 Uteri

286 2704 406 2778 fundo
428 2703 624 2802 adaperto,
638 2729 725 2774 ¹non
742 2705 858 2806 modo
876 2731 951 2802 qua
965 2706 1101 2777 cervici
1115 2721 1200 2776 erat
1213 2730 1297 2804 pro·

284 2823 424 2909 ximuS,
450 2822 631 2900 vesiculas
659 2813 857 2920 conspexi,
877 2822 941 2894 sed
966 2837 1003 2894 et
1018 2822 1219 2918 aliquanto
1239 2846 1296 2894 su·

285 2941 413 3038 parius
431 2963 476 3010 ex
497 2941 615 3010 altero
637 2939 744 3014 illius,
757 2940 871 3011 latere
891 2963 1049 3038 parvum
1070 2941 1178 3036 quasi
1203 2963 1296 3010 race-

286 3083 393 3129 mum
419 3055 587 3156 pendere
618 3056 694 3128 vidi
723 3056 999 3154 ejusdemmodi
1025 3057 1299 3142 vesicularum,

285 3173 381 3274 quas
399 3177 501 3246 inter.
518 3173 825 3252 seconnectebat
846 3173 970 3245 albida
990 3177 1189 3270 interjecta
1210 3174 1296 3248 sub·

286 3293 437 3378 stantia,
448 3315 493 3362 ex
505 3306 631 3388 quaet
643 3289 946 3389 petiolusfiebat,
956 3316 1026 3362 nec
1039 3290 1295 3376 brevissimus,

285 3439 357 3486 nec
380 3411 634 3494 tenuissimus,
648 3401 849 3480 'racemum
873 3409 1031 3507 alligans
1055 3408 1104 3480 ad
1125 3410 1295 3480 intimam

270 3534 286 3578 s
286 3529 385 3599 uteri
410 3526 671 3600 membranam
681 3549 793 3624 ,quae
808 3551 897 3598 sana
917 3544 1013 3616 erat,
1029 3552 1074 3598 ex
1089 3525 1296 3625 eademque

286 3645 411 3718 albida
427 3643 622 3716 constabat
637 3643 854 3716 substantia.

332 3926 505 4008 (1')N.33.
577 3956 579 3959 ’
687 3917 690 3922 ’
741 4004 742 4008 ¹

330 4009 373 4087 (a)
395 4008 489 4084 Epist.
506 4006 560 4082 ⁵6,
583 4017 613 4061 n.
632 4025 679 4064 ao.
721 4055 723 4060 .
