2746 4674
158 413 226 460 nm.
252 409 308 458 111.
335 411 382 456 oa
408 408 545 458 nonnis
570 407 739 473 vaurms,
764 411 875 460 arrsr.
903 415 959 460 xe.
993 390 1058 478 145

72 523 376 612 tilitbbdomine
398 523 512 619 igitur
528 523 684 614 aniculae
703 522 879 614 diducto,
897 551 985 598 sana
1002 553 1063 598 re-

74 642 182 738 liqua;
202 640 281 712 baec
299 655 424 712 autern
455 639 635 711 duntaxat
655 642 808 712 inventa
827 659 915 714 sunt
932 637 1066 740 praeter
1110 664 1113 670 ·

72 774 234 830 naturam
253 783 291 830 se
311 752 497 828 habentia.
517 760 653 854 Magna
668 760 802 829 arteria
824 785 844 829 a
864 759 1065 859 diaphrag-

75 891 161 947 mate
186 875 235 947 ad
258 875 384 946 iliacas
415 898 537 972 usque
564 899 696 947 omnes
717 889 796 946 tota
819 891 897 948 erat
925 880 1068 954 intusa

74 993 166 1064 flavis
182 993 300 1064 osseis
316 989 472 1064 lamellis
487 992 703 1088 inaequaliS,
722 1009 759 1068 et
775 991 873 1064 foeda
888 1011 1068 1092 praeterea

74 1109 115 1180 ab
124 1110 284 1180 humore
300 1108 568 1195 crassiusculo,
586 1105 691 1180 fusco
709 1125 746 1182 et
764 1113 1069 1209 sanguinolento,
1136 1167 1138 1170 -

74 1227 133 1324 qui
154 1227 217 1298 bic
243 1226 320 1297 illic
342 1227 482 1296 intimae
511 1226 646 1296 tunicae
669 1227 902 1318 adhaerebat,
929 1252 1069 1328 exque

78 1369 136 1440 per
150 1344 319 1416 lamellas
348 1344 428 1414 illas
450 1344 522 1440 ipsi
540 1345 799 1440 circumjectas
824 1355 1005 1446 perrupta
1034 1365 1071 1424 et

77 1463 279 1534 exulcerata
296 1459 546 1532 distillaverat.
568 1461 763 1556 Ejusmodi
781 1465 910 1534 vitium
931 1466 968 1535 in
989 1491 1072 1564 per·

78 1579 222 1654 brevem.
240 1602 399 1676 quoque
416 1579 576 1648 coeliacae
592 1567 769 1648 truncum
785 1603 822 1650 se
839 1587 1072 1680 propagans,

78 1699 203 1769 ceteris
220 1695 339 1792 hujus
347 1697 460 1766 ramis
476 1695 621 1782 illaesis,
642 1694 825 1768 hactenus
841 1723 879 1769 se
895 1701 1072 1772 extende-

80 1809 128 1886 ra't
145 1815 183 1884 in
199 1814 379 1886 arteriam
398 1813 602 1911 splenicam
615 1867 625 1902 ,
639 1829 681 1885 ut
702 1839 788 1884 curn
805 1831 883 1886 tota
898 1817 1001 1912 justo
1017 1843 1073 1890 es·
1123 1902 1124 1906 Ἰ

80 1947 125 2002 set
135 1927 269 2020 latior,¹
292 1947 329 2002 et
347 1931 592 2004 crassioribus
605 1933 742 2004 tunicis
755 1947 791 2004 et
809 1932 967 2005 flexibus
983 1930 1074 2032 praess

83 2051 194 2122 sertim
212 2065 329 2122 totae
344 2050 476 2136 tantis,
495 2064 538 2120 ut
559 2049 686 2146 plures
708 2053 944 2148 majoresque
969 2055 1008 2123 in
1032 2079 1075 2132 ea

81 2149 303 2240 vidissebon
322 2167 578 2254 meminerim,
600 2166 762 2264 ideoque
780 2170 905 2265 primo
921 2184 1076 2268 aspectu

83 2309 116 2354 ea
128 2309 201 2358 esse
217 2309 303 2383 quae
318 2299 398 2356 erat
411 2307 490 2354 non
504 2283 714 2374 videretur,
727 2302 822 2358 esset
836 2301 1013 2384 praeterea
1027 2287 1076 2358 ad

83 2398 183 2475 llexus
199 2401 365 2498 majores
385 2401 498 2490 dura,
526 2426 596 2474 nec
616 2403 695 2474 sine
717 2427 809 2474 osse.
834 2406 925 2476 Lien
950 2421 1076 2476 autem

85 2543 181 2614 quem
196 2519 348 2608 adibat,
364 2543 475 2591 sanus
494 2534 531 2590 et
550 2543 686 2616 parvus
708 2505 966 2622 quidem,ys⁴ed
984 2525 1077 2620 jeci-

85 2641 156 2708 nori
168 2664 209 2710 ac
219 2636 429 2710 visceribus
443 2637 598 2728 caeteris,
609 2652 720 2734 atque
732 2638 826 2710 adeo
841 2642 910 2710 toti
925 2642 1078 2738 corpori
1102 2703 1103 2708 ,

84 2756 307 2852 respondens
319 2757 576 2852 proportione.
591 2753 782 2826 Atductus
797 2755 961 2854 hepatici
975 2773 1077 2845 trun-

85 2896 140 2944 cus
153 2875 315 2972 amplior
333 2897 446 2970 quam
474 2872 600 2944 soleat.
625 2875 763 2943 Contra
783 2889 933 2961 uterus,
962 2897 1078 2969 quem

86 2989 228 3068 inlatus
248 2991 443 3062 sinistrum
465 2989 680 3060 invenimus
706 2987 813 3059 valde
834 2991 1078 3079 inclinatum,

87 3130 165 3180 cavo
182 3125 264 3180 erat
281 3107 375 3178 adeo
398 3121 572 3204 angust0,
595 3122 637 3177 ut
659 3131 736 3176 non
762 3105 867 3178 facile
894 3107 934 3176 in
954 3107 1080 3200 adulta

85 3225 229 3296 viderim
244 3226 522 3322 angustiorem
545 3239 582 3294 et
601 3239 727 3294 tamen
750 3225 883 3320 vagina
902 3240 981 3295 erat
1000 3251 1079 3296 non

88 3343 225 3441 exigua,
244 3357 282 3414 et
308 3367 420 3440 supra
445 3341 585 3439 pubem
611 3337 748 3438 rugosa
769 3342 864 3412 cutis
883 3343 1079 3414 mulierem

89 3463 267 3557 peperisse
283 3461 523 3532 indicaverat.
550 3463 697 3530 Renum
711 3474 870 3555 uterque
887 3459 1084 3557 superficie

91 3574 255 3674 inaequali
272 3600 392 3674 prope
403 3576 501 3647 utin
519 3572 632 3662 foetu,
651 3575 750 3672 pelvi
771 3590 896 3646 autem
911 3565 994 3672 ⁴non
1008 3601 1086 3650 1n0-

91 3689 134 3761 do
150 3708 185 3764 et
208 3693 360 3764 duobus
384 3694 424 3762 in
449 3692 548 3763 hanc
578 3689 856 3764 confluentibus
880 3694 1086 3790 majoribus

91 3809 198 3899 tubis,
216 3811 281 3884 sed
299 3827 336 3882 et
353 3809 527 3909 pluribus
548 3837 593 3882 ex
608 3795 839 3898 minoribuS,
859 3813 926 3907 qui
948 3811 1088 3881 horum

95 3923 307 4000 alterutrum
320 3929 481 4019 adeunt,
502 3945 605 4002 extra
620 3954 729 4002 renes
743 3926 982 4002 exstantibus.
998 3931 1089 4018 Quae

163 4041 194 4115 5.
399 4043 401 4048 ’
898 4071 940 4118 ιο
