2810 4668
170 436 239 484 m.
266 435 322 482 111.
350 433 397 480 ua
423 433 885 500 noae1svanrn1s,u1²1sr.
912 437 1008 484 xum.
1037 412 1105 511 557

99 549 352 637 detrimenm,
369 565 435 620 aut
453 564 553 622 certe
570 549 759 647 periculo,
776 574 854 620 non
865 549 1104 650 dignoscam

100 671 178 742 nisi
193 670 255 740 hic
269 665 365 740 forte
385 669 526 766 aequius
550 683 605 738 est
623 668 855 765 inspicientis
874 685 938 740 aut
954 668 1107 743 festina·
1189 762 1192 766 Ι

100 789 269 882 tionem,
294 769 358 858 aut
375 785 653 883 praejudicatam
677 810 721 856 ex
741 785 837 888 male
857 785 928 858 sibi
944 787 990 859 de
1007 787 1107 861 fora·
1207 859 1211 863 .

101 907 209 976 mine
243 917 472 1002 perangusto
499 904 898 1000 narratis²opinionem
921 931 1107 979 accusare.

100 1027 212 1094 Tunc
237 1021 356 1092 oculis
374 1019 421 1092 ad
439 1044 520 1090 eam
541 1020 718 1091 naturalis
735 1037 880 1118 partem
901 1026 1109 1112 conversis,
1183 1045 1185 1050 '
1296 1031 1299 1036 ’
1389 1087 1390 1100 ,

104 1165 190 1238 quae
208 1163 309 1236 pone
326 1137 550 1210 idosculum
567 1139 741 1235 proxima
756 1142 949 1236 sequitur,
967 1143 1110 1214 scilicet

103 1261 147 1329 in
162 1282 235 1354 qua
248 1257 390 1354 vaginae
404 1252 589 1351 orificium
607 1270 733 1353 patere
755 1257 865 1346 solet,
882 1259 1032 1330 nullum¹
1050 1286 1110 1332 us·

105 1399 222 1473 quam
253 1371 541 1463 foraminulum,
565 1369 705 1447 nedum
729 1372 915 1454 foramen,
946 1380 1114 1462 occurrit

104 1493 350 1564 attentissime
376 1491 607 1587 inquirenti:
638 1491 785 1564 clausus
811 1494 967 1563 omnino
986 1495 1017 1568 is
1032 1512 1111 1567 erat

102 1611 232 1700 locus,
262 1633 340 1680 non
367 1607 588 1682 membrana
620 1634 700 1706 quae
725 1611 912 1707 prementi
941 1611 1110 1701 cederet,

105 1727 174 1800 sed
193 1725 409 1807 firmissimo
425 1725 622 1824 solidoque
638 1727 790 1824 pariete.
807 1727 1003 1800 Dubitanti
1018 1729 1112 1800 mihi
1209 1709 1212 1714 ¹

106 1846 202 1946 quid
228 1845 464 1944 potissimum
494 1845 642 1916 consilii
669 1844 821 1934 darem3
850 1870 974 1943 neque
1010 1849 1112 1926 enim

106 1963 172 2059 hic
183 1964 229 2036 de
251 1978 422 2034 concreto
438 1960 612 2058 genitali,
629 1977 672 2033 ut
687 1965 727 2032 in
743 1963 913 2064 Cornelia
927 1964 1115 2037 Graccho·

105 2081 194 2176 ruin
213 2096 331 2155 matre
350 2078 425 2174 (1),
441 2078 482 2149 id
495 2095 550 2151 est
570 2079 616 2152 de
636 2080 735 2151 illius
750 2086 846 2152 inter
861 2106 899 2152 se
918 2081 1114 2178 glutinatis
1222 2098 1224 2104 “

108 2206 203 2289 oris,
229 2213 272 2268 ut
290 2197 460 2294 loquitur
486 2197 615 2269 Celsus
639 2197 715 2293 (a),
750 2197 952 2296 agebatur,
969 2216 1040 2278 ,aut
1068 2201 1114 2272 de

106 2319 326 2390 membrana
350 2302 410 2416 ori
432 2313 556 2386 vulvae
587 2321 782 2412 opposita,
811 2342 924 2413 quam
944 2317 1043 2390 idem
1059 2318 1113 2416 (3)

105 2449 314 2522 memorat,
331 2457 490 2534 quarum
511 2456 633 2528 neque
661 2432 876 2529 incognitae,
904 2461 1029 2532 neque
1048 2436 1114 2512 djf.

106 2553 226 2626 ficilcs
238 2566 326 2623 sunt
341 2550 572 2636 curationeS,
588 2546 653 2619 sed
667 2546 713 2617 de
727 2572 814 2620 casu
833 2551 873 2620 in
891 2556 1113 2650 memoriam

28 2689 36 2694 ’
107 2685 310 2746 revocante
340 2693 453 2766 quem
483 2657 646 2762 legeram
671 2665 772 2762 apud
797 2667 1015 2740 Nabothurn
1043 2673 1115 2768 (4),

107 2788 247 2882 medici
267 2787 390 2860 cultro
409 2785 547 2882 vaginae
577 2783 778 2872 coalitum,
807 2785 873 2881 qui
901 2787 1042 2882 pariter
1062 2789 1114 2862 ab

108 2921 197 2978 ortu
214 2919 329 2992 esset,
359 2902 489 2984 tollere
518 2902 738 2998 satagentis,
770 2901 816 2974 ab
842 2927 955 3001 opere
987 2920 1112 2977 autem

108 3024 287 3096 desistere
319 3021 460 3106 coacti,
489 3043 574 3089 cum
595 3018 704 3090 altius
730 3019 935 3117 procedere
965 3023 1117 3098 vidisset
1153 3027 1160 3032 “

110 3141 305 3228 coalitum,
333 3138 518 3235 simulque
543 3133 754 3235 sanguifera
779 3162 863 3208 vasa
884 3140 1024 3234 majora
1050 3165 1116 3239 ap-

110 3283 259 3357 parere,
287 3280 438 3352 unaque
475 3253 641 3325 Nabothi
676 3259 896 3326 sententiam
915 3255 990 3354 (5),
1007 3265 1041 3330 si
1060 3267 1116 3330 in·

85 3599 86 3602 ‘
152 3602 164 3678 i

212 3839 213 3842 η
224 3801 301 3856 Ihid.

219 3900 337 3974 Disput.
352 3866 388 3955 de
401 3899 517 3967 sterilit.
529 3897 645 3956 mulier.
661 3917 691 3952 u.
704 3915 730 3966 7.
