2790 4668
319 403 390 498 tm
487 433 534 482 ra
559 429 706 492 moruus
730 427 773 478 rr
798 407 1156 499 causu'loqroauar

314 565 410 646 que,
439 559 479 620 et
504 547 630 618 oraria
647 543 710 616 hic
741 544 1048 642 complectimur,
1070 565 1139 646 per
1162 568 1318 634 nervos,

317 664 601 738 membranasre
621 662 668 734 ad
689 664 882 760 superiora
908 663 1114 736 ascendens
1142 687 1243 736 nuno
1263 666 1316 734 in-

220 780 230 792 “
314 781 527 880 tolligirnus.
545 779 617 852 Sed
644 801 864 876 quanquam
890 780 1083 872 hysterr'cae
1100 778 1318 852 ‚affectionis

314 895 500 971 vocabulo
520 896 618 968 hanc
634 919 748 968 unam
762 919 875 992 quam
893 895 1012 968 mo'do
1030 895 1208 978 diximus,
1236 923 1317 994 pro·

313 1016 398 1114 prio
412 1011 603 1110 designari
623 1035 733 1110 posse
754 1012 967 1102 credimupq
989 1037 1066 1084 uon
1088 1029 1216 1086 tamen
1240 1012 1317 1084 vul·

311 1131 390 1230 gari
414 1129 680 1202 consuetudini
707 1129 802 1213 adeo
822 1128 1070 1228 refragamur,
1098 1147 1139 1202 ut
1162 1131 1316 1226 cumiis
1392 1167 1393 1192 ι

310 1249 484 1322 altercari
500 1249 678 1336 velimus,
700 1249 766 1346 qui
782 1248 933 1322 aliunde
943 1263 1048 1322 ortos
1060 1249 1182 1320 varios
1196 1274 1314 1347 saepe,

310 1387 353 1438 ac
384 1362 631 1440 multiformes
654 1362 878 1436 feminarum
907 1365 1061 1438 morbos
1094 1365 1231 1438 eadem
1254 1366 1313 1437 illa

307 1475 558 1584 appellatione
599 1461 957 1580 comprehfndunt:
988 1479 1310 1580 quemadmodum

308 1623 434 1699 nequo
455 1623 542 1675 oum
571 1601 615 1670 iis
643 1599 868 1671 alter-camur
888 1601 956 1698 qui
984 1625 1117 1674 vocare
1139 1601 1216 1675 laos
1242 1627 1315 1672 ma·

199 1808 204 1816 ι
306 1717 392 1790 lunt
413 1717 791 1816 hypoohondriacos;
824 1718 970 1792 tametsi
995 1716 1095 1788 haud
1123 1719 1312 1790 rarissime

306 1857 386 1914 non
399 1836 517 1934 magis
532 1837 572 1906 io
587 1835 697 1932 culpa
718 1835 791 1908 sint
810 1833 1099 1932 hypochondria'
1116 1836 1154 1906 iu
1173 1835 1254 1908 illis
1271 1863 1313 1908 ex

304 1953 486 2026 utrolibet
520 1973 609 2024 sexu
636 1975 733 2048 quos
764 1950 1118 2049 hypochondriacos
1151 1951 1312 2039 dicunt,

305 2091 419 2168 qoam
450 2055 580 2142 uterus
603 2071 641 2138 in
672 2068 733 2140 his
753 2093 848 2166 quas
873 2055 1076 2165 hystoricae
1103 2069 1166 2140 alii
1190 2073 1312 2142 nomi·

303 2202 407 2274 nupt.
429 2169 574 2282 Siquid
594 2188 764 2284 utrisque
780 2206 980 2260 commune
1001 2191 1079 2283 'est¹
1093 2188 1229 2258 vitium
1253 2214 1311 2286 po

304 2306 488 2378 tissimum
517 2319 575 2377 est
598 2303 637 2376 in
657 2329 813 2388 nomeu,
843 2319 885 2377 ut
908 2320 1063 2390 vocant,
1082 2289 1309 2408 ¹systemate:

291 2414 481 2518 'recteque
504 2419 632 2494 fecisse
659 2421 704 2492 cl.
737 2422 995 2519 Elemyug'rum
1018 2420 1078 2517 (1)
1099 2423 1308 2513 credimus,

305 2542 372 2639 qui
402 2541 597 2636 utriusque
626 2540 773 2637 generis
800 2537 954 2646 nimbos
984 2564 1062 2610 uuo
1095 2538 1307 2640 eodemque

302 2658 447 2754 accepit
466 2655 671 2742 vocabulo,
689 2653 963 2754 Neuropathiae.
983 2657 1119 2752 ltaque
1140 2681 1223 2728 non
1239 2661 1308 2749 rpi-

161 2758 164 2766 ’
269 2777 273 2786 '
303 2797 545 2860 ramuncum
558 2795 655 2870 saepe
667 2795 805 2844 -eorum
824 2771 998 2862 insultus,
1015 2797 1093 2844 non
1112 2773 1160 2844 ab
1181 2791 1307 2862 utero,

304 2891 423 2965 autab
444 2890 767 2988 hypochondriis;
785 2889 883 2962 seda
901 2907 1066 2977 terrore,
1088 2889 1135 2962 ab
1144 2891 1307 2991 indigna·

304 3013 428 3098 tione,
446 3009 492 3080 ab
509 3007 627 3080 odore.
642 3009 752 3079 etiam
764 3008 891 3106 aliquo
899 3023 1059 3105 repente.
1070 3010 1303 3082 cooriuutur.

304 3129 363 3203 sic
380 3128 520 3224 pariter
545 3126 803 3224 intelligimus,
838 3125 1034 3222 quomodo
1062 3126 1220 3208 eosdem
1245 3152 1305 3224 op·

303 3259 466 3345 portune
488 3243 576 3320 dato
594 3244 683 3339 opio
697 3241 855 3314 feliciter
873 3245 1184 3340 praevemorimus.
1216 3248 1304 3316 Nam

304 3365 372 3462 omi
402 3359 448 3432 ab
472 3362 548 3434 imo
574 3374 720 3446 ventre,
747 3375 858 3456 atque
889 3359 988 3430 adeo
1012 3359 1059 3432 ab
1089 3359 1304 3460 hypochoo·

305 3480 396 3554 dolis
406 3481 513 3578 iptio,
527 3493 563 3550 et
575 3479 622 3550 ab
635 3493 742 3548 utero
758 3476 974 3548 insultuum
987 3478 1192 3578 origqessp
1213 3477 1306 3548 uide·

305 3612 432 3688 retur;
448 3598 668 3694 propagatio
680 3611 808 3666 tamen
822 3595 924 3666 noxii
940 3609 1164 3695 motusper,
1173 3617 1302 3679 nervos

346 3965 388 4044 (ι)
410 3971 445 4024 In
463 3961 674 4038 Neuropathia.
734 3979 737 3984 ’
762 4033 765 4038 Ι
