2790 4668
195 460 262 504 nin.
290 459 346 504 111.
376 458 420 503 nn
446 455 774 521 monimntum,
799 459 910 506 misr.
938 461 1017 508 ην.
1047 437 1118 538 529

115 572 298 670 scalpello
319 568 557 666 objiciebant.
577 572 755 642 Praeterea
772 572 811 640 in
833 572 1001 667 ejusdem
1027 599 1117 664 vend

115 689 246 762 triculi
265 685 469 785 parietibus
483 684 630 756 hicillic
648 689 782 783 passim
803 689 970 784 quaedam
994 717 1122 770 occune

115 805 255 878 rebant
274 804 414 875 locam
434 801 576 900 'quibus
603 827 737 876 carnea
762 803 968 882 substantia
994 811 1119 885 cordis

115 937 186 1008 ,aut
201 921 308 1009 alba,
328 933 390 994 aut
406 945 450 992 ex
467 919 584 990 rubro
604 918 687 990 alba
709 921 760 992 ita*
779 937 872 1010 erat,
890 941 932 996 ut
953 951 973 996 a
994 930 1117 1024 primo

118 1037 384 1138 glandularum
411 1039 517 1134 quasi
543 1027 790 1132 quarumdam
805 1043 928 1138 specie
948 1044 1121 1141 impone..

117 1173 230 1246 rent;
249 1155 313 1230 sed
334 1155 551 1228 eodem-illo
570 1157 751 1253 peculiari
768 1162 920 1250 renim,
942 1159 1123 1238 dissecan-

117 1274 223 1346 tibus
248 1273 407 1345 similem
427 1296 464 1344 se
492 1273 754 1349 columnarum
776 1279 948 1350 ostendit.
980 1284 1123 1354 Vitium

116 1390 197 1463 hoc
214 1392 336 1464 carnis
350 1388 497 1478 cordo,
519 1392 559 1463 in
576 1390 791 1464 tendineam
818 1409 988 1468 naturam
1012 1399 1124 1497 dege·

119 1508 309 1596 nerontis,
326 1533 403 1605 quo
423 1509 539 1605 magis
556 1507 602 1578 ab
620 1509 799 1583 interiore
813 1515 1020 1586 ventriculi
1033 1517 1125 1592 facie
1185 1585 1190 1596 ,

117 1625 172 1698 ad
190 1627 412 1696 exteriorem
440 1623 645 1722 porgebat,
674 1651 719 1696 eo
755 1625 868 1712 fiebat
898 1630 1126 1722 evidentius,

119 1741 413 1841 pertinebatque
436 1744 598 1814 exterius
621 1739 783 1814 adeum
817 1771 971 1844 quoque
998 1748 1127 1822 locum

124 1861 191 1930 cui
215 1874 362 1958 septum
394 1859 519 1930 cordis
551 1857 764 1956 respondet.
805 1861 904 1953 Quin
935 1865 1127 1963 pinguedo

123 1979 207 2075 ipsa
227 1976 315 2048 huic
336 1977 468 2048 visceri
488 1977 661 2076 imposita
678 2003 757 2049 non
775 1982 897 2052 omnis
917 1983 1126 2072 secundnm

124 2109 298 2166 naturam
309 2118 347 2166 se
356 2093 548 2166 habuitln
559 2098 766 2192 posteriore
782 2100 883 2190 enim
897 2098 988 2172 facie
1002 2101 1127 2178 cordis

124 2235 197 2310 per
220 2211 316 2282 duos
340 2235 419 2282 non
449 2235 585 2308 parvos
619 2213 825 2284 secundum
852 2216 1128 2315 longitudinem

125 2345 268 2400 tractus
293 2328 486 2426 inaequalis
509 2345 607 2416 erat,
633 2329 851 2428 ibidemque
876 2360 921 2404 ex
938 2333 1042 2407 lusco
1064 2363 1128 2408 ru·

117 2445 313 2518 *bescebat
336 2429 481 2516 Arteria
502 2469 636 2540 magna
657 2471 678 2516 a
695 2447 810 2520 corde
825 2450 872 2519 ad
893 2469 1130 2528 curvaturam

125 2587 248 2660 usque
267 2561 544 2661 propemodum
558 2576 700 2668 totam,
728 2589 808 2633 non
828 2566 935 2636 valde
953 2567 1129 2664 quidem,
1172 2617 1174 2621 -

126 2679 194 2754 sed
232 2679 436 2752 evidenter·
456 2693 583 2750 tamen
618 2678 791 2765 dilatata,
827 2707 946 2780 prope
980 2701 1129 2782 septum

125 2813 383 2868 transversum
401 2821 511 2893 aequo
532 2797 725 2893 angustior
744 2798 821 2868 visa
839 2813 903 2869 est.
924 2801 1067 2884 Incisa,
1094 2821 1131 2876 et

127 2918 330 3012 sanguine,
350 2939 427 3012 quo
448 2939 527 2984 non
540 2912 857 3002 carebat‚elfuso‚
875 2918 1039 2990 ostendit
1052 2935 1130 2994 tota

126 3033 308 3104 interiore
335 3028 426 3104 facie
446 3057 467 3102 a
487 3031 600 3104 corde
632 3032 678 3105 ad
703 3057 828 3126 ramos
852 3034 981 3106 saltem
1011 3061 1130 3134 usque

128 3149 383 3246 emulgenteS‚
413 3148 612 3246 particulas
641 3147 820 3244 quasdam
847 3149 1067 3240 albidiores,
1097 3168 1133 3228 et

128 3267 249 3338 lineas
257 3265 433 3351 nminihil
443 3279 649 3339 exstantes:
666 3281 842 3362 praeterea
860 3291 938 3338 non
952 3292 997 3338 eo
1010 3269 1134 3342 solum

127 3407 244 3481 quem
259 3383 373 3457 modo
390 3380 561 3452 dicebam
577 3396 738 3468 ‚tractu‚
757 3382 822 3452 sed
840 3397 876 3452 et
886 3383 997 3473 alibi,
1015 3409 1132 3482 qnan-
1204 3413 1206 3420 '

127 3517 214 3572 tum
243 3525 288 3571 ex
315 3499 482 3572 dissectis
514 3497 772 3596 superioribus
805 3498 1030 3594 quibusdam
1055 3503 1135 3599 ejus

128 3617 245 3690 ramis
298 3618 563 3714 cognovimus,
603 3617 774 3689 intimam
822 3619 988 3690 tunicam
1029 3617 1135 3694 facile

131 3733 228 3809 adeo
265 3761 285 3804 a
317 3735 485 3832 proxima
524 3733 815 3831 sejungendum,
847 3749 890 3806 ut
914 3735 1136 3818 levissimam

132 3852 299 3948 scalpelli
318 3849 530 3923 frictionem
548 3875 683 3949 magna
698 3852 779 3947 ejus
804 3849 920 3924 frusta
934 3877 1138 3949 sequeren-

129 3983 204 4040 tur.
227 3973 271 4040 In
295 3984 423 4040 ventre
443 3984 568 4041 autem
585 3967 664 4040 haec
680 3967 904 4044 videramus.
930 3973 1134 4042 Omentum

163 4177 166 4184 .
208 4065 241 4138 5.
974 4066 1020 4154 34
