2850 4670
186 487 255 533 ΜΒ.
284 485 339 531 111.
368 485 414 529 DE
441 483 578 530 nonius
603 483 776 547 vaurms,
800 485 911 532 musr.
939 487 1012 533 xm.
1050 489 1118 560 217

111 600 313 673 debentur.
333 603 379 668 In
399 611 531 669 neutra
550 613 675 669 tamen
700 596 775 667 ulla
799 601 926 668 vesicae
946 599 1048 672 labes
1066 603 1120 671 in·

110 732 223 791 venta
244 733 318 805 est,
335 717 398 788 sed
419 715 686 787 renls'alterius
708 717 747 784 in
770 713 934 787 secunda
954 719 1055 788 intus
1073 719 1120 788 vi-

110 839 212 924 tiati,
230 844 266 910 et
284 837 333 907 ob
352 851 499 906 auctam
519 835 657 905 molem
679 857 721 902 ex
742 857 807 904 sua
829 833 914 904 sede
932 833 1118 931 prolapsi3
1187 825 1189 830 ’

111 957 150 1026 iu
179 955 302 1053 prima
320 969 444 1024 autem
467 954 599 1050 ingens
622 950 791 1022 skirrhus
817 953 882 1048 qui
902 967 1017 1024 totam
1043 951 1119 1024 lere

111 1072 252 1172 pelvim
272 1096 485 1168 occupans,
507 1084 543 1140 et
560 1070 689 1140 vesicae
700 1065 1004 1159 fundoadnatus‚
1022 1071 1119 1141 hanc

113 1193 164 1262 ita
200 1188 495 1287 comprimebat,
533 1201 575 1257 ut
598 1187 776 1284 remorati
810 1181 1010 1286 propterea
1038 1189 1120 1260 lotii
1187 1187 1190 1192 ’

111 1309 320 1380 acrimonia
334 1307 549 1377 lancinaret.

158 1427 193 1498 6.
212 1429 369 1496 Causam
387 1424 496 1494 aliam
517 1443 597 1520 qua
610 1425 730 1494 vesica
754 1447 1030 1520 nonnunquam
1046 1427 1120 1497 vel·
1187 1512 1189 1516 ι

111 1545 270 1632 licetur,
291 1543 447 1614 sollicite
467 1540 636 1611 Valsalva
660 1541 849 1635 quaesivit3
877 1541 941 1612 sed
961 1567 1028 1638 per
1048 1542 1120 1615 dis-⁸

112 1662 322 1734 sectionem
347 1681 543 1756 nunquam
566 1659 687 1755 potuit
707 1657 949 1746 confirmare,
973 1685 1118 1732 vermes

110 1778 196 1850 dico
216 1781 254 1848 in
270 1803 311 1849 ea
328 1777 566 1848 stabulantes.
590 1782 664 1846 Hos
685 1801 769 1846 cnm
783 1778 891 1846 urina
908 1777 1062 1872 ejectos,
1076 1765 1119 1850 ut

111 1897 199 1994 aegri
220 1895 374 1992 quidem
396 1894 667 1989 domesticique
687 1893 892 1966 credebant
910 1919 987 1964 non
1005 1897 1118 1966 semel

109 2015 179 2112 ipsi
194 2013 343 2083 oblatos
353 2009 464 2082 luisse
479 2012 566 2081 scio.
586 2016 694 2080 Eram
714 2011 814 2080 enim
826 2035 902 2112 ¹ego
922 2015 1118 2103 Bononiae,

110 2155 196 2202 cum
211 2132 269 2200 vir
288 2131 596 2226 generosissimus
623 2143 865 2226 postrenum
890 2129 1061 2220 dolores,
1083 2128 1119 2204 c‘t

112 2249 252 2322 deinde
283 2249 535 2346 punctionum
562 2271 712 2318 sensum
733 2250 771 2317 in
793 2251 937 2338 vesica,
954 2249 1119 2349 denique

110 2370 208 2439 inter
229 2365 478 2462 mingendum
499 2391 583 2436 cum
604 2367 721 2463 pungi
738 2366 931 2438 urethram
952 2365 1118 2462 sentiret,

113 2511 132 2558 e
158 2509 259 2583 pene
288 2509 374 2555 cum
406 2485 515 2554 urina
547 2484 679 2588 cadere
710 2500 821 2557 tenue
852 2488 1118 2558 animalculum

114 2602 306 2702 quoddam
329 2601 440 2690 vidit,
464 2627 554 2671 mox
579 2619 700 2674 autem
728 2603 820 2699 quid
844 2603 1037 2676 minxisset
1059 2607 1117 2676 in-

114 2735 309 2820 spectans,
330 2744 409 2788 non
427 2719 521 2788 illud
548 2746 685 2806 unum,
714 2721 777 2790 sed
799 2722 905 2818 plura
922 2726 959 2792 iu
979 2726 1118 2795 matula

111 2865 194 2910 cum
214 2837 381 2907 arenulis
392 2840 587 2933 conspexit
598 2833 870 2932 ejusdemmodi
883 2841 1117 2926 animalcula,

111 2971 145 3027 et
162 2953 360 3041 Valsalvae,
385 2955 450 3050 qui
476 2947 644 3023 medicus
672 2953 788 3050 ipsius
817 2971 910 3042 erat,
941 2957 1115 3052 ostendit.

112 3072 276 3143 Dederat
304 3071 335 3140 is
355 3067 449 3140 forte
470 3093 604 3165 aquam
632 3070 671 3138 in
702 3095 776 3166 qua
804 3069 990 3169 saxifragae
1013 3073 1119 3144 radix

112 3190 268 3262 decocta
284 3186 404 3257 luerat
423 3213 430 3255 τ
450 3189 576 3284 itaque
598 3213 642 3258 ex
660 3189 788 3274 urina,
811 3205 853 3257 ut
880 3189 963 3258 viva
991 3207 1117 3280 erant,

112 3292 241 3394 eximi,
262 3307 356 3378 etin
377 3305 579 3402 ejusaquae
596 3305 771 3400 cyathum
791 3305 893 3400 injici
906 3306 1043 3396 voluit,
1063 3335 1119 3380 ac·

112 3425 300 3521 ciditque,
321 3435 361 3491 ut
388 3421 535 3517 stupida
559 3420 646 3490 inde
670 3419 753 3492 ficri
779 3437 815 3493 et
838 3427 1117 3521 propemodum

113 3557 263 3614 mortua
284 3536 511 3607 viderentur.
529 3542 614 3609 Post
632 3539 790 3609 biduum
810 3555 935 3612 tamen
950 3567 1033 3616 cum
1046 3561 1119 3616 stu·

112 3683 246 3757 porem
263 3656 371 3728 illum
388 3653 659 3744 discussissent,
672 3658 755 3726 etin
767 3658 875 3728 aliam
887 3663 1117 3757 atquealiam

112 3799 267 3874 aquam,
286 3771 444 3870 periculi
464 3769 623 3842 faciendi
642 3796 766 3860 causa,
785 3777 954 3870 conjecta
971 3793 1117 3867 essent,

113 3895 147 3966 in
173 3915 336 3990 quarum
351 3889 504 3988 singulis
526 3890 628 3984 varia
652 3914 733 3985 quae
762 3892 955 3966 vermibus
968 3895 1118 3968 inimica

113 4011 388 4097 existimantur,
410 4007 559 4082 incocta
582 4003 733 4082 luerunt
750 4023 815 4082 aut
832 4011 986 4110 agitata3
1012 4013 1116 4088 nulla

1152 3863 1160 3898 l
