2790 4668
149 483 215 529 mr.
244 481 297 530 111.
327 449 376 528 nn
398 480 534 531 monins
553 481 723 549 vnnrms,
749 483 860 533 nmsr.
889 487 970 532 xiv.
1000 457 1068 558 507

61 593 322 695 longitudine,
354 596 552 694 multoque
587 599 705 695 magis
734 599 765 668 si
798 613 840 669 ut
878 598 1071 670 Widman·

58 739 132 788 nus
147 714 398 812 (r)proponit
421 713 641 786 membrana
661 716 821 786 interior
838 715 886 788 ab
916 733 1066 789 summo

64 831 114 904 ad
137 833 255 904 imum
285 833 435 930 penitus
467 832 614 920 avulsa,
647 831 901 930 deorsumque
934 833 1073 906 reflexa

64 948 322 1050 propendeat3
352 951 392 1020 in
424 949 505 1020 illas
532 947 621 1020 alias
652 970 745 1046 quas
774 949 865 1022 alibi
890 951 1073 1024 indicasse

66 1093 130 1140 me
156 1067 254 1153 dixi,
282 1065 538 1139 dubitationes
556 1067 701 1138 incidas
725 1089 878 1141 neeesse
907 1083 972 1141 est.
995 1072 1073 1142 Nec

65 1180 194 1260 tamen
215 1187 387 1258 omniurn
406 1185 517 1258 simul
538 1187 722 1284 parietum
750 1188 891 1284 vaginae
911 1187 1075 1260 inversio

64 1303 264 1380 facillimos
296 1303 412 1376 habet
445 1303 660 1403 explicatus.
695 1308 895 1395 Praeterea,
925 1313 1076 1377 utrum}-

66 1423 161 1496 lihet
176 1447 316 1522 ponas;
336 1409 439 1494 haud
457 1423 508 1494 ita
528 1422 771 1521 perspicuum
790 1437 863 1511 est,
891 1439 977 1522 post
994 1424 1077 1494 vin-

69 1541 266 1629 culorum,
304 1557 341 1613 et
372 1563 540 1614 nexuum
567 1539 852 1630 distractiones,
880 1541 1077 1639 quomodo

66 1657 259 1731 interdum
276 1657 422 1746 saltem,
434 1674 513 1731 arte
535 1659 761 1757 opitulante,
775 1678 1001 1757 recuperare
1019 1657 1076 1729 lrae

67 1792 195 1876 partes
221 1792 363 1874 queant
388 1775 585 1875 pristinam
615 1775 764 1865 sedem,
788 1777 828 1847 in
849 1794 969 1875 eaque
993 1787 1078 1874 per-

68 1915 233 1968 manere.

123 2011 178 2084 15.
195 2016 264 2084 Ars
283 2027 408 2084 autem
422 2027 555 2110 proeter
570 2013 661 2100 alia,
676 2013 854 2101 interius,
870 2013 1078 2083 exteriusve
1132 2003 1134 2012 '

60 2129 256 2217 adhibita,
284 2129 466 2217 remedia,
485 2131 603 2228 pessis
620 2131 740 2202 utitur
768 2131 903 2202 sivein
925 2129 1080 2219 annuli,

71 2251 149 2321 sive
161 2249 201 2318 in
212 2248 323 2318 aliam
333 2245 492 2318 formam
509 2267 591 2345 que
609 2245 779 2320 foramen
800 2245 957 2336 habeat,
979 2261 1082 2320 tons

73 2366 219 2437 tructis.
240 2369 372 2462 Neque
392 2365 513 2451 enim,
534 2377 577 2436 ut
595 2365 728 2464 sepius
747 2365 787 2436 in
803 2366 896 2437 reoli
912 2347 1080 2438 intestini

72 2481 275 2583 prolapsu,
298 2485 348 2554 ita
374 2482 435 2554 hic
453 2503 607 2580 quoque
632 2483 718 2554 licet
740 2483 1026 2581 praetermittere
1043 2482 1083 2554 id

72 2602 202 2673 auxilii
221 2618 349 2698 genus.
385 2601 454 2671 Hic
471 2601 572 2671 enim
598 2599 676 2670 duo
702 2609 790 2672 sunt
811 2623 895 2696 quae
920 2603 1083 2672 curatio-

74 2745 165 2792 nem
195 2718 356 2791 reddant
385 2715 654 2807 difficiliorem,
681 2720 777 2790 uteri
807 2718 976 2816 pondus,
996 2715 1083 2789 oum

73 2854 187 2910 antea
206 2837 390 2937 procidit,
414 2836 648 2923 inevitabile,
679 2837 884 2935 repositam
909 2837 1083 2934 vaginam

75 2981 211 3029 rursus
233 2957 443 3044 invertens,
463 2965 499 3028 et
526 2955 721 3054 sphinoter
743 2933 938 3026 musculus
961 2967 1086 3052 neque

76 3091 155 3147 tam
181 3073 323 3159 valide,
351 3097 476 3170 neque
509 3078 585 3144 iam
601 3085 701 3144 arcte
731 3073 872 3169 vaginae
900 3069 1108 3143 orificium·

78 3191 303 3265 conclusum
333 3211 507 3278 servans,
536 3205 651 3288 qnam
684 3207 799 3260 anum
823 3213 923 3262 suus.
957 3193 1087 3287 ltaque

79 3331 174 3408 ergo
189 3301 323 3408 vagina
343 3311 479 3380 iterum
509 3323 722 3380 extrorsum
741 3308 996 3407 provolvitur,
1025 3289 1089 3377 re-

81 3429 208 3501 ferens
231 3445 294 3499 aut
311 3429 547 3514 intestinum,
559 3441 622 3498 aut
633 3425 758 3514 aliud,
774 3441 816 3498 ut
834 3441 941 3525 puta,
956 3449 1089 3524 quem-

80 3544 289 3624 admodum
331 3545 433 3643 apud
478 3544 745 3641 Hippocratem
790 3542 953 3614 vidimus
985 3543 1035 3638 (a
1056 3543 1090 3638 ),

122 3933 169 4012 (ι)
190 3935 262 3992 Obs.
277 3934 415 3992 indicna.

125 4033 171 4112 (a)
192 4035 309 4110 Supra,
325 4055 355 4091 u.
371 4036 399 4092 3.
