2740 4670
294 457 364 541 402
414 475 419 483 ·
460 472 506 518 nu
531 469 679 518 moruus
704 469 748 516 ur
773 469 898 518 causis
922 470 1132 522 noaaonuu

290 590 330 658 'm
349 583 555 658 umbilicali
573 595 670 654 esset
687 582 841 678 regione
868 582 908 652 iu
928 597 1181 658 transversum
1198 587 1282 660 loca·

289 721 374 790 tus,
393 727 530 800 magno
550 699 702 794 objecto
716 699 864 772 errandi
882 701 1074 797 periculo,
1094 705 1124 775 si
1145 694 1225 800 quis
1238 705 1281 778 ibi

289 847 333 894 ex
352 821 528 892 dolorum
548 815 656 902 sede,
673 839 749 886 non
766 816 900 903 colon,
921 817 983 888 sed
993 818 1168 913 jejunum
1186 823 1281 894 intes·

288 913 410 1014 tibum
430 936 601 1031 torqueri
615 934 829 1004 censuisset.
851 935 1094 1008 Ventriculus
1115 953 1195 1010 erat
1216 963 1284 1010 am-

286 1055 476 1152 plissimus
496 1049 789 1146 latissimusque.
823 1052 918 1122 Huic
948 1050 1126 1123 lumbrici
1148 1056 1284 1126 inerant

284 1171 412 1254 multi,
440 1168 567 1240 tunica
596 1183 721 1239 autem
753 1167 884 1238 intima
907 1167 1109 1240 deeratad
1128 1172 1283 1267 spatium

285 1286 475 1384 aliquoda
502 1285 660 1356 sinistris
682 1285 720 1352 in
747 1281 855 1354 fundi
879 1286 1087 1382 posteriore
1119 1284 1231 1376 facie,
1253 1303 1283 1360 ct

285 1429 483 1504 gangrena
499 1401 648 1472 initium
666 1400 869 1498 apparebat
882 1408 920 1472 in
942 1427 984 1474 ea
1002 1418 1206 1502 parteque
1221 1429 1281 1503 py-

285 1523 369 1594 loro
381 1521 537 1620 propior
553 1535 618 1590 est.
638 1522 722 1608 Quat
740 1534 934 1591 omentum
947 1521 1160 1592 ventriculo
1175 1523 1285 1596 cobe-
1361 1605 1362 1626 ξ

282 1639 407 1725 rebat,
425 1637 489 1710 ubi
510 1659 786 1734 sepenumero,
809 1636 970 1732 siquas,
993 1637 1169 1712 minimas
1191 1655 1283 1712 certe
1361 1669 1362 1730 3

281 1757 409 1830 videas
428 1753 623 1853 glandulas
644 1751 691 1822 de
707 1751 1022 1849 lymphaticarnm
1043 1777 1205 1852 genere,
1227 1783 1284 1830 oc·

279 1875 486 1948 currebant
503 1872 661 1968 aliquot,
677 1895 796 1967 parvae
812 1867 903 1942 faba
917 1872 1282 1968 magnitudine-Lien

281 2018 345 2068 sex
364 1992 500 2088 digitos
510 2005 742 2060 transversos
751 1987 866 2074 latus,
885 1987 1118 2087 duosytresve
1134 1993 1284 2090 pollices

282 2131 447 2194 crassus,
463 2103 774 2202 scsqnispitharna
794 2105 966 2202 longior,
986 2105 1196 2181 substantia
1223 2109 1282 2184 luit

279 2227 387 2298 valde
404 2225 504 2310 laxa,
524 2237 560 2294 et
581 2221 770 2320 praemolli.
800 2225 911 2298 Jecur
931 2239 1056 2296 tamen
1079 2249 1161 2302 non
1180 2253 1282 2326 aequu

197 2363 202 2371 ·
278 2342 476 2444 grandius,
494 2342 593 2410 intus
608 2339 761 2412 dimidia
773 2355 822 2412 'er
846 2355 952 2436 parte
972 2339 1146 2431 decolor,
1171 2371 1216 2416 ex
1234 2345 1281 2418 di·
1360 2351 1361 2354 ’

278 2461 391 2536 midia
407 2459 522 2529 altera
537 2449 801 2528 dilutellavum
814 2509 823 2540 ‚
835 2471 909 2528 tres
927 2473 990 2532 aut
1010 2457 1281 2556 quatudreruit·
1360 2557 1361 2560 Ἴ

274 2579 377 2658 tebat
391 2577 541 2648 bilarios
560 2573 696 2646 ductus
717 2573 856 2671 quibus
870 2573 1022 2652 latiores
1046 2577 1185 2655 vidisse
1208 2605 1278 2654 non

274 2697 451 2782 memini,
486 2719 564 2766 uno
584 2693 788 2789 praesertim
816 2693 883 2794 qui
919 2679 1071 2770 minimi
1083 2695 1193 2794 digiti
1212 2701 1278 2798 api·
1360 2719 1361 2740 ¹

275 2840 356 2888 cem
388 2809 665 2911 propemodum
695 2807 913 2886 admisisset.
944 2813 1120 2900 Quorum
1154 2816 1277 2892 dilata.

207 2923 208 2928 ¹
273 2933 387 3004 tionis
407 2953 516 3002 causa
533 2927 635 3030 nulla
656 2925 860 3024 apparebat
880 2952 924 2998 eo
943 2941 1135 3026 tempore:
1157 2935 1276 3010 calcu-

272 3052 352 3124 hnn
377 3063 500 3120 autem
526 3044 690 3140 aliquem
717 3043 807 3116 olim
832 3045 868 3118 in
892 3059 1029 3122 trunco
1051 3047 1276 3136 substitisse,

270 3171 311 3242 in
326 3191 439 3264 quem
450 3163 520 3250 illi,
536 3176 575 3234 ut
588 3159 998 3250 sulennconlluebant,
1015 3162 1174 3244 fortasse
1188 3193 1274 3244 eon.

268 3285 461 3381 jecissem,
477 3281 507 3352 si
526 3281 557 3350 is
580 3293 754 3366 truncae,
781 3279 847 3376 qui
873 3279 969 3352 latus
993 3281 1167 3385 alioquin
1185 3303 1274 3370 erat,
1359 3347 1360 3362 ,

268 3402 575 3497 ipseqnounea
594 3393 792 3468 latitudine
808 3411 905 3470 esset
925 3421 1009 3494 quae
1026 3405 1274 3498 proportione
1359 3467 1360 3494 q

266 3517 535 3612 requireretur.
553 3517 596 3584 Iu
616 3511 805 3609 cystibilis
822 3509 943 3603 lusca,
965 3515 1029 3590 sed
1049 3542 1133 3614 qnae
1153 3519 1271 3594 flavis·
1359 3551 1360 3560 ¹

268 3634 365 3708 simo
379 3632 506 3702 colore
527 3627 716 3704 inliceret:
740 3655 826 3704 euru
845 3631 962 3706 multa
983 3657 1029 3710 ex
1042 3633 1105 3708 illa
1123 3637 1273 3712 discissa

267 3737 487 3828 efllirxisset3
503 3744 607 3818 laeces
618 3763 743 3818 tamen
754 3746 882 3836 lentae,
898 3773 1025 3820 earum
1040 3752 1181 3850 similes
1192 3781 1269 3854 quae

264 3869 304 3939 in
320 3869 409 3936 vino
424 3862 631 3950 subsident,
647 3865 875 3937 restiterunt.
903 3865 1102 3940 Iliacarum
1121 3875 1268 3946 arteria·

261 4009 346 4061 rum
368 3983 481 4059 altera
510 3982 647 4056 intorta
672 3979 811 4053 alieubi
840 3985 946 4084 quasi
972 3999 1016 4059 nt
1035 3987 1076 4059 in
1102 3990 1265 4086 splenico.
