2726 4676
264 465 335 563 294
427 484 474 532 nn
499 479 645 532 sentens
672 481 714 530 aa
740 479 863 530 cansts
890 477 1098 530 uonnoann

262 619 389 675 tamen
407 625 555 700 semper
574 599 817 695 rejiciendam
832 623 1045 686 censemus,
1060 597 1255 696 praesertim

262 721 331 792 ubi
348 721 411 790 illa
430 718 545 813 objici
566 741 644 788 non
662 719 911 814 possintque
932 731 1026 788 tunc
1046 713 1257 811 objecimus.

262 843 355 910 Rem
375 835 547 934 exemplo
577 834 764 908 illustrare
788 834 908 932 placet
931 831 1038 930 quod
1062 832 1110 904 ab
1136 833 1181 906 iis
1201 832 1261 930 qui
1356 867 1357 938 3

265 971 396 1026 cetera
433 953 547 1050 hujus
578 952 725 1050 generis
759 966 1037 1036 memorarunt,
1062 949 1261 1022 indicatum

264 1096 344 1144 esse
363 1095 442 1142 non
456 1063 708 1144 meminimus«
724 1068 888 1142 Habebis
901 1069 995 1144 illud
1009 1071 1109 1144 inter
1125 1067 1265 1140 Claudi·
1356 1079 1357 1102 ¹

263 1192 306 1261 ni
320 1191 587 1286 responsiones
608 1187 851 1260 medicinales
871 1186 938 1284 (1).
955 1191 1052 1260 Puer
1073 1211 1185 1260 acum
1206 1185 1263 1257 de-

261 1308 486 1405 glutiverat,
515 1331 629 1404 quam
658 1321 743 1403 post
772 1329 891 1378 annos
912 1305 1080 1402 aliquot,
1107 1306 1265 1379 maximo

265 1441 403 1496 conatu
421 1425 460 1494 in
475 1423 681 1522 mingendo
693 1423 914 1521 impulsam,
938 1424 1019 1520 ipse
1037 1423 1108 1495 sibi
1127 1449 1174 1494 ex
1187 1447 1264 1494 use

264 1543 350 1614 tlara
367 1543 521 1630 exemit,
538 1544 644 1614 tenui
671 1542 818 1614 calculo
843 1556 1001 1616 auctam.
1026 1544 1111 1632 Quo
1130 1541 1195 1618 illa
1213 1541 1266 1611 iti·

263 1685 355 1733 nere
384 1663 423 1732 in
451 1662 634 1748 vesicam,
655 1675 720 1732 aut
741 1661 896 1730 certein
924 1658 1116 1732 urethram
1147 1683 1267 1757 perte

264 1781 402 1868 nisset,
426 1777 604 1849 lumbrici
632 1776 882 1850 ostenderunt
908 1775 1034 1873 longi,
1060 1776 1216 1854 rotundi
1235 1791 1267 1848 et

264 1899 357 1984 vivi,
375 1921 541 1994 quorum
554 1895 702 1994 aliquos
714 1896 846 1992 primis
861 1893 908 1966 ab
925 1918 996 1966 acu
1013 1893 1196 1992 deglutita
1206 1920 1266 1966 an-

264 2013 324 2086 nis
355 2029 442 2112 post
469 2014 721 2084 urinariarum
749 2013 913 2110 partium
942 2011 1096 2086 dolores
1117 2014 1266 2098 minxit,

265 2147 353 2230 post
366 2130 540 2202 eductam
559 2147 681 2202 autem
700 2157 828 2219 acum,
854 2131 1014 2204 alterum
1033 2133 1162 2203 vivum
1177 2131 1266 2228 pari·

263 2265 380 2335 teret
404 2249 688 2346 longissimum,
716 2273 788 2322 nec
819 2251 901 2322 sine
929 2249 1085 2321 materia
1114 2246 1267 2335 fetente,

266 2382 304 2437 et
331 2367 429 2462 nigri
451 2367 598 2439 coloris.
627 2367 742 2458 Quod
764 2367 979 2466 exemplum
1002 2382 1044 2438 ut
1065 2365 1113 2437 ad
1130 2366 1193 2438 illa
1211 2365 1266 2437 ad·

265 2481 433 2554 dendum
454 2483 560 2556 vides
579 2511 661 2582 quae
690 2485 736 2558 de
762 2483 956 2558 vermibus
985 2508 1054 2582 per
1078 2484 1265 2558 urethram

264 2602 392 2698 ejectis
413 2601 528 2673 verba
550 2607 724 2700 superius
746 2601 802 2700 (a)
821 2601 1024 2690 facientes,
1042 2625 1268 2678 commemo·

225 2780 227 2784 .
262 2721 449 2808 ravimus,
467 2721 518 2814 sic
533 2721 742 2819 intelliges,
759 2721 931 2818 quamvis
946 2721 1053 2818 pueri
1061 2721 1172 2794 istius
1185 2744 1268 2792 acas

264 2838 360 2910 duos
374 2838 611 2936 longitudine
631 2838 829 2912 excederet
844 2838 1002 2937 digitos,
1017 2863 1089 2910 nec
1107 2839 1267 2938 capitulo

265 2973 427 3043 careret,
445 2961 524 3026 non
537 2979 648 3054 posse
668 2957 715 3027 ad
736 2955 817 3030 illas
838 2955 985 3030 traduci
1001 2981 1084 3054 quae
1099 2982 1190 3030 acus
1203 2957 1266 3028 cri·

263 3075 366 3145 nales
380 3075 420 3144 in
440 3075 600 3144 vesicam
621 3071 709 3162 sibi,
730 3075 850 3162 aiunt,
868 3099 913 3146 ex
927 3098 993 3146 ore
1011 3073 1266 3159 descendisse,
1288 3089 1291 3096 ’

263 3194 293 3263 si
307 3206 473 3280 constet,
487 3191 584 3262 nihil
599 3215 732 3264 eorum
752 3217 833 3264 esse
855 3215 982 3290 passas
1005 3218 1090 3290 quae
1110 3194 1207 3264 viam
1230 3195 1263 3260 in

261 3309 364 3398 illam
381 3334 425 3379 ex
442 3310 629 3382 intestinis
657 3325 824 3408 apertam
846 3308 961 3383 fuisse
983 3309 1261 3384 demonstrent:

259 3427 466 3523 quodcum
483 3427 530 3497 de
548 3431 663 3498 Paraei
677 3431 760 3500 viro
779 3453 859 3502 uon
877 3444 1048 3501 constet:
1071 3428 1168 3500 nihil
1189 3450 1263 3526 pro·

261 3542 368 3616 hibet
383 3569 460 3641 quo
477 3547 602 3620 minus
621 3546 807 3642 ejusmodi
833 3549 904 3618 iter
924 3549 963 3618 in
985 3573 1030 3618 eo
1050 3547 1141 3618 olim
1161 3568 1258 3618 acum

262 3662 499 3758 suspicemur
514 3660 653 3735 habere
671 3667 908 3762 potuissent
926 3666 1027 3740 enim
1049 3665 1111 3735 alii
1131 3662 1257 3738 suntin

588 3831 590 3838 l

615 4120 620 4128 t

785 4236 787 4242 .
1087 4233 1090 4244 ῃ

1356 4577 1357 4592 l
