2746 4674
140 527 208 576 mn.
238 529 294 575 111.
322 529 368 575 nu
395 526 532 575 nonms
555 499 725 592 terrum,
750 529 861 578 nrrsr.
888 531 960 577 xm.
1005 507 1070 578 181

80 663 153 728 nes,
179 642 361 727 vomitus,
385 640 541 712 sudores
570 657 774 713 enumerat.
809 644 1073 738 Dejectionum

81 757 288 856 exemplum
305 759 344 828 in
360 757 503 854 collega
523 773 590 828 s'uo
606 755 751 855 profert
769 757 832 855 (1).
850 761 1074 832 Vomituum

80 889 111 946 et
128 876 310 947 sudorum
332 874 484 972 quidem
497 876 566 947 etsi
579 874 715 948 diserte
731 901 809 947 non
827 876 1002 974 protulit,
1022 874 1076 947 fa·
1143 955 1147 964 ,

81 991 141 1063 cile
161 1009 277 1066 estex
298 992 456 1064 aliorum
471 979 796 1066 observationibus
813 994 998 1092 supplere.
1016 995 1075 1064 Sio
1136 979 1138 986 ,

80 1109 317 1182 Vallisuerius
340 1111 555 1208 noster(o)‚
576 1125 662 1208 post
686 1111 875 1183 decimum
901 1133 1074 1208 suppres-
1190 1185 1191 1188 ,
1287 1133 1328 1198 g

81 1225 186 1296 sionis
200 1225 303 1298 diem
324 1227 524 1299 accedente
546 1229 691 1298 vomitu
711 1229 783 1300 seri
807 1228 951 1314 colore,
969 1251 1075 1322 sepo-

83 1342 267 1430 re,od0re
295 1342 429 1414 lotium
462 1341 682 1432 referentis,
708 1345 893 1441 virginem
925 1343 1076 1420 durasse

82 1457 318 1548 ridit‚donec
328 1460 500 1558 plurimis
517 1462 619 1537 intus
637 1476 673 1532 et
693 1476 794 1532 extra
806 1463 992 1532 ineassum
1011 1459 1076 1532 ad*

83 1571 220 1665 bibitis,
242 1579 431 1650 mercurio
452 1579 605 1651 tandem
626 1594 662 1650 et
679 1579 767 1649 dato
786 1594 822 1650 et
836 1577 1011 1676 applicito
1023 1603 1077 1649 re-

86 1716 166 1764 num
189 1696 270 1767 vias
288 1697 476 1768 reseravit.
496 1697 554 1766 Sic
576 1700 813 1796 Mantuanus¹
828 1696 996 1767 medicus
1017 1693 1076 1791 (3)

85 1809 227 1882 alteram
248 1811 341 1886 uidit
366 1813 499 1885 eodem
528 1814 640 1885 simul
665 1829 701 1888 et
727 1812 861 1885 morbo
878 1827 914 1884 et
933 1813 1078 1888 vomitu

87 1924 154 1998 dies
170 1930 339 2026 primum
353 1931 439 2028 plus
457 1931 724 2029 quadraginta,
743 1957 814 2003 nec
842 1932 961 2004 multo
993 1941 1079 2026 post

88 2041 172 2117 duos
181 2045 314 2120 saltem
328 2061 365 2119 et
381 2049 532 2145 triginta
542 2064 729 2141 venetam.¹
742 2049 801 2120 sic
820 2049 914 2119 alius
929 2047 982 2143 (Δ)
1003 2062 1078 2118 ter·
1110 2144 1111 2150 ἵ

88 2161 164 2232 tiam
181 2163 229 2235 ad
249 2187 396 2238 menses
427 2165 665 2262 quindecim,
691 2181 733 2237 ut
755 2167 814 2236 vix
837 2165 943 2238 aliter
963 2187 1078 2262 quam

88 2299 146 2373 per
164 2281 370 2354 nutrientia
390 2297 559 2354 enemata
575 2282 623 2354 ali
639 2285 826 2380 potuerit,
844 2282 965 2354 donec
983 2281 1080 2376 ejec·

88 2406 121 2464 to
139 2397 307 2486 calculo,
337 2409 373 2472 et
403 2398 568 2471 ischuria
587 2413 623 2471 et
640 2401 757 2470 urinae
776 2400 883 2469 vomi
899 2415 960 2470 tus
983 2395 1080 2468 dsie·

87 2529 173 2584 runt.
191 2514 266 2586 Sed
284 2514 351 2588 ubi
372 2515 507 2596 eaiculi
525 2541 635 2605 renes
654 2532 690 2587 et
706 2531 873 2588 ureteres
886 2515 1083 2606 obstruens

89 2641 136 2702 tes
149 2632 333 2704 dimoveri
353 2657 430 2703 non
453 2649 630 2731 possunt,
645 2631 800 2719 frustra,
827 2649 870 2705 ut
888 2633 1081 2706 Gulielmi-

90 2769 151 2818 uus
175 2747 235 2843 (5)
259 2753 300 2820 in
333 2749 486 2824 duobus
504 2749 732 2838 observavit,
756 2751 838 2821 iotii
857 2751 1084 2820 vomitiones.

91 2866 285 2954 accedunt,
310 2866 413 2963 qnod
435 2882 471 2938 et
497 2865 543 2938 de
563 2866 642 2938 aliis
655 2881 743 2938 ‘tum
763 2862 1080 2964 insuperabilibus

92 2982 205 3060 morbi
223 2985 364 3072 cande,
384 2999 465 3056 tum
495 2983 779 3072 excretionibus
794 2982 1082 3081 intelligendum

93 3113 159 3170 est:
178 3102 306 3197 itaque
322 3102 364 3172 in
376 3101 514 3176 semina
533 3102 587 3198 (6)
594 3103 670 3198 jam
689 3103 729 3172 in
749 3125 814 3173 ore
832 3125 1002 3198 saporem
1025 3101 1082 3170 lm

93 3213 127 3284 tii
139 3217 372 3315 odoremque
389 3221 641 3318 percipiente,
658 3221 775 3318 ipsius
799 3218 992 3315 sanguinis
1016 3241 1082 3292 vo,-

90 3429 1071 3461 *κ-Ἣ-ψ--ψ--Α

125 3567 166 3649 (ι)
185 3573 263 3639 Ibid.
282 3585 312 3630 et
324 3573 418 3650 Epist.
433 3592 481 3632 αι.

125 3667 165 3747 (n)
185 3669 261 3746 Eph.
274 3675 312 3730 N.
326 3675 359 3730 C.
373 3685 449 3731 cent.
467 3693 500 3750 9,
514 3676 578 3736 obs.
595 3674 642 3733 50.

128 3770 168 3848 (3)
188 3772 264 3828 Hist.
281 3773 317 3828 de
329 3774 439 3830 l’Acad.
456 3793 522 3850 roy.
536 3774 588 3831 des
600 3777 665 3847 So,
678 3794 726 3832 an.
745 3774 832 3848 1715,
846 3777 910 3832 obs.
924 3785 1001 3832 anat.
1016 3777 1046 3837 it

131 3865 169 3946 tt)
189 3874 254 3928 net.
268 3873 306 3928 n.
321 3873 354 3928 c.
371 3883 441 3928 tomi
460 3873 613 3944 mones.

132 3963 169 4044 (⁵)
188 3971 292 4028 Exere.
307 3971 344 4032 de
355 3991 456 4048 sungu.
470 3983 531 4029 nat.
543 3992 573 4030 n.
589 3971 639 4030 68.

131 4063 172 4150 (6)
191 4069 263 4148 Eph.
277 4071 316 4128 N.
332 4071 364 4132 C·
381 4083 456 4132 cent.
472 4072 507 4149 6,
522 4072 589 4132 obs.
599 4069 649 4134 56.
