2810 4668
304 340 317 378 ὅ

266 501 270 511 ’
298 473 368 576 696
461 497 508 545 aa
532 495 678 544 surinus
702 497 746 543 rr
771 494 896 544 causis
921 496 1129 546 uoaaoaou
1213 501 1219 512 ·

295 629 354 686 tea
374 609 566 684 mensibus
582 609 788 681 secundum
802 625 944 682 naturae
960 611 1060 708 leges
1076 612 1291 710 sanguinem

297 755 341 803 ex
361 745 469 802 utero
488 726 736 826 prodeuntem
754 727 940 800 viderunt.
963 731 1113 818 Quartae
1135 755 1184 800 ne
1206 744 1292 799 octo

297 847 468 947 quidem,
496 860 561 916 aut
584 843 714 916 decem
741 861 825 944 post
848 848 974 934 annis,
990 845 1143 918 medicis
1170 849 1302 918 omnia·
1390 879 1391 890 ¹

295 967 481 1038 incassum
492 961 739 1052 tentantibus,
752 988 920 1060 unquam
938 964 1086 1062 prodiit.
1105 964 1204 1054 Quid
1220 965 1295 1036 ita?

294 1084 481 1155 Nimirum
508 1081 596 1178 quia
617 1078 696 1151 haec
720 1105 790 1152 nec
807 1081 971 1154 breviori
989 1097 1176 1180 tempore,
1193 1097 1238 1154 ut
1255 1082 1296 1152 il-

295 1199 360 1286 lae,
381 1221 504 1294 neque
525 1196 710 1266 minorem
730 1197 952 1293 quamdam,
971 1199 1172 1294 minusque
1194 1199 1297 1268 noxii

295 1315 485 1413 sanguinis
518 1313 694 1411 copiam,
731 1313 796 1385 sed
827 1315 1035 1387 triennium
1070 1315 1216 1412 ipsum,
1259 1328 1297 1385 ut

292 1433 369 1530 jam
397 1431 490 1503 duas
526 1447 562 1502 et
585 1432 736 1528 triginta
760 1430 876 1504 libras
902 1446 1090 1530 aequaret‚
1116 1456 1188 1502 nec
1216 1433 1297 1503 sine

294 1548 447 1650 putrida
468 1547 746 1646 purulentaque
768 1548 924 1620 admista
949 1549 1119 1632 materia,
1141 1549 1183 1618 in
1198 1549 1300 1619 uteri
1390 1547 1391 1558 ’

296 1690 407 1738 cavea
425 1665 640 1762 retinuept.
663 1664 753 1735 Veri
774 1664 889 1762 igitur
912 1663 1030 1735 simile
1054 1679 1150 1749 erat,
1173 1663 1298 1734 laesam
1390 1649 1391 1660 ¹

296 1782 411 1880 hujus
425 1783 644 1853 interiorem
665 1777 815 1868 faciem,
835 1783 1004 1854 cicatrice
1020 1780 1199 1870 obducta,
1214 1805 1298 1853 non

294 1901 423 2000 patula
448 1900 609 1998 amplius
628 1897 768 1970 habere
789 1899 935 1989 oscula,
957 1897 1058 1969 unde
1080 1901 1181 1970 statis
1202 1915 1299 1970 tem·

294 2017 453 2117 poribus
483 2017 632 2118 sanguis
661 2017 786 2088 exiret.
815 2015 916 2107 Quid
938 2031 1080 2102 autern,
1105 2013 1219 2087 rebus
1254 2017 1298 2087 ad

294 2135 418 2223 hunc,
437 2151 500 2207 aut
516 2135 563 2205 ad
583 2133 740 2206 similem
765 2133 880 2204 alium
901 2135 1113 2232 quempiam
1137 2133 1299 2205 modum

296 2277 334 2325 se
360 2249 606 2336 habentibus,
626 2251 673 2322 ab
695 2252 739 2322 iis
765 2276 846 2349 quae
870 2252 1090 2350 sanguinem
1117 2251 1299 2338 incitent,
1390 2275 1391 2280 ’

295 2367 472 2440 remediis
487 2383 683 2466 expectare
702 2367 827 2458 licean
846 2369 918 2440 nisi
935 2383 978 2439 ut
992 2367 1132 2438 malum
1153 2366 1201 2438 ad
1218 2393 1298 2439 ma-

294 2485 375 2558 lum
397 2484 538 2558 addas?
556 2486 707 2557 Parcius
725 2484 786 2587 hae
800 2483 986 2556 alimentis
1001 2499 1173 2573 utantur,
1193 2500 1230 2555 et
1245 2487 1300 2556 in·

297 2605 389 2692 cisa,
417 2629 504 2676 cum
534 2628 631 2702 opus
661 2601 906 2692 est‚·brachii
932 2627 1047 2690 vena,
1074 2603 1298 2700 sanguinem

296 2723 455 2808 mittant.

346 2865 378 2937 7.
405 2840 516 2912 Nunc
540 2835 693 2934 qnando
712 2837 752 2908 in
773 2861 984 2909 sermonem
1003 2861 1117 2933 quem
1134 2840 1205 2912 tibi
1220 2863 1297 2910 esse

294 2954 575 3054 perjucundum
602 2955 695 3042 scic,
714 2953 760 3024 dc
780 2953 935 3027 medicis
956 2955 1216 3028 curationibus
1234 2955 1297 3027 de·

295 3072 456 3144 ficientis
471 3072 653 3144 menstrui
667 3072 857 3168 sanguinis
867 3071 1055 3168 ingressus
1065 3097 1148 3143 sum
1159 3101 1169 3162 ;
1179 3070 1298 3172 priris·

295 3215 410 3289 quam
426 3187 471 3260 ad
483 3188 660 3258 contrarii
674 3189 753 3258 vitii
765 3191 994 3259 anatomicos
1009 3187 1185 3261 historias
1199 3206 1295 3262 tran·

296 3330 415 3393 seam,
442 3329 608 3402 quonam
634 3303 811 3382 adversus
836 3305 911 3376 hoc
939 3305 1097 3376 alterum
1124 3307 1293 3404 praesidio

295 3423 500 3520 plurimum
518 3419 651 3492 fideret
664 3421 720 3490 vir
733 3420 959 3509 industrius,
974 3437 1086 3517 atque
1100 3419 1311 3520 experiens¹

295 3545 351 3610 Jo.
371 3539 611 3610 Hieronimus
628 3537 892 3626 ZanichelliuS‚
913 3535 1098 3632 subjicere
1118 3564 1196 3608 non
1215 3563 1293 3636 gra-

294 3654 422 3726 vabor.
435 3655 615 3726 Cochleas
627 3678 672 3725 ex
684 3653 847 3751 parvulis
864 3655 958 3741 istis,
976 3669 1012 3723 et
1028 3653 1291 3742 albicantibus,

296 3797 377 3870 quae
410 3796 520 3869 super
546 3770 686 3841 carduo
712 3770 857 3842 stellato
881 3769 1146 3860 inveniuntur,
1172 3785 1292 3841 exacte

294 3913 372 3961 una
400 3913 485 3958 cum
510 3889 612 3957 testis
641 3887 824 3958 contundi
850 3888 889 3958 in
915 3887 1095 3957 mortario
1114 3887 1289 3984 jubebat,

294 4007 494 4103 additaque
511 4001 659 4079 modica
674 4005 851 4104 portione
868 4027 1073 4108 consertaez
1088 4019 1131 4080 ut
1147 4015 1289 4092 vocant,
