2810 4668
169 395 238 477 m
266 428 322 475 lll
337 429 395 475 DE
421 427 1018 493 nornisvnrtrnls,11²1sr.xnvn
1047 403 1116 506 597

117 542 345 630 violarum,
336 567 375 612 1n
386 541 502 614 lmteo
517 541 786 640 suspendebat,
799 543 1004 640 liquorem,
1017 569 1121 616 com-

120 661 326 759 pressionis
354 659 465 730 etiam
493 683 585 758 ope,
613 657 903 734 descendentem
919 663 1120 760 excipiens.

119 778 241 873 Hujus
266 777 424 874 liquoris
455 779 540 847 satis
563 779 725 850 recentis
752 781 882 851 uncias
897 794 973 852 tres
992 803 1123 868 mane,

120 893 281 966 totidem
294 893 448 965 meridie
461 908 547 966 ante
560 893 781 991 prandium,
795 896 1028 993 totidemque
1039 919 1123 968 ves·

121 1033 215 1108 pere
243 1026 328 1083 ante
355 1035 500 1082 coenam
527 1011 771 1108 propinabat,
796 1037 884 1084 cum
902 1037 923 1083 a
940 1013 1123 1086 dissoluto

122 1130 323 1228 sanguine,
337 1143 374 1201 et
388 1129 622 1222 irritantibus
638 1131 831 1226 particulis
843 1128 950 1221 lueto,
964 1117 1125 1203 nimium

121 1247 240 1343 ipsius
256 1271 301 1318 ex
317 1262 426 1318 utero
443 1270 594 1318 cursum
611 1243 693 1316 fieri
714 1246 901 1320 censebat.
931 1252 981 1320 Ea
1000 1250 1126 1320 autem

123 1360 315 1451 felicitate,
340 1344 589 1436 confirmabat
616 1362 687 1435 sibi
710 1362 816 1435 huuc
843 1364 1031 1462 liquorem
1049 1389 1127 1439 res-
1165 1349 1169 1358 l

123 1480 372 1579 pondisse,ut
383 1481 431 1553 ad
443 1481 638 1580 sanguinis·
647 1482 759 1552 etiam
771 1483 1128 1579 expectorationem,

124 1599 158 1670 si
177 1597 224 1670 ab
240 1599 372 1670 iisdem
391 1601 510 1672 causis
533 1597 657 1688 fieret,
675 1600 988 1697 compescendam
1006 1614 1129 1670 trans-

124 1715 290 1800 tulisset,
319 1741 390 1788 nec
416 1715 511 1787 mihi
533 1717 640 1788 aliter
665 1715 744 1787 haec
769 1717 1031 1803 concrederet,
1057 1716 1131 1786 nisi

125 1833 313 1932 pollicit0,
337 1834 464 1930 quoad
484 1835 564 1932 ipse
583 1834 738 1922 viveret,
772 1835 935 1919 nemini,
963 1832 1067 1931 quod
1093 1846 1131 1904 et

126 1952 299 2050 praestiti,
318 1951 583 2024 revelaturum.
604 1957 684 2023 Hoc
704 1952 815 2022 etiam
835 1950 962 2023 abillo
978 1951 1130 2047 accepi:

127 2093 214 2142 cum
235 2068 376 2142 mulier.
397 2078 540 2166 septem
568 2070 670 2166 ipsos
695 2093 815 2141 annos
843 2071 942 2142 uteri
971 2069 1132 2140 hemor*

127 2186 274 2283 rhagia,
287 2187 402 2258 irritis
410 2186 590 2284 praesidiis
600 2185 1132 2275 omnibus,lab0rasset,.beue

128 2330 172 2376 ac
192 2301 346 2376 feliciter
363 2304 410 2376 ab
429 2328 472 2376 se
484 2329 562 2376 esse
580 2319 834 2403 persanatam,
850 2305 941 2376 dato
956 2305 1135 2376 limoniam

128 2447 258 2510 succo,
276 2408 319 2494 et
336 2423 421 2495 salis
440 2423 575 2520 spiritu
595 2423 676 2521 pari
696 2422 877 2521 pondere.
898 2423 1052 2494 Dedisse
1070 2445 1135 2492 aus

128 2554 207 2612 tem
233 2555 435 2638 propterea
458 2540 547 2636 quia
567 2553 706 2610 certam
727 2539 930 2636 quamdam
948 2537 1136 2610 scorbuti·

130 2681 213 2729 cam
232 2660 271 2728 iu
299 2682 341 2728 ea
357 2657 556 2756 sanguinis
574 2657 882 2730 constitutionem
909 2659 989 2726 ess'e
1008 2653 1152 2749 conje-·

131 2790 251 2863 cerot3
269 2790 464 2872 expertum
477 2789 601 2876 autem
614 2761 729 2846 anter
738 2774 836 2861 esse,
850 2796 964 2869 quam
981 2767 1139 2870 proluis·

131 2907 188 2966 set
201 2892 281 2963 aliis
295 2889 396 2965 idem
414 2890 506 2963 illud
522 2890 731 2962 remedium
748 2915 813 2963 ore
825 2891 1019 2961 continere
1027 2911 1137 2975 ,cum

133 3007 331 3083 scorbutus
352 3009 512 3106 graviter
533 3007 607 3080 hoc
629 3007 814 3080 erosisset.
835 3010 887 3078 Ex
905 3005 982 3092 his,
998 3027 1082 3102 quae
1096 3019 1137 3075 ut

134 3125 309 3198 narrabat
330 3124 411 3214 ille,
427 3125 479 3196 sic
495 3149 566 3222 ego
582 3121 721 3212 reler0,
735 3137 909 3222 apparet,
926 3124 967 3193 iu
990 3120 1083 3211 hoe,
1096 3136 1140 3193 ut

133 3245 175 3316 in
190 3242 270 3314 aliis
290 3266 466 3340 quoque,
484 3239 645 3330 morbis,
664 3242 791 3339 magni
810 3242 991 3312 interesse
1010 3263 1139 3311 eausa-

134 3383 222 3434 rum
247 3360 506 3456 conjecturam
533 3383 694 3455 :neque
719 3359 820 3430 enim
844 3356 1020 3428 omnibus
1038 3355 1142 3427 idem

136 3492 414 3575 opportunum,
432 3499 511 3548 esse
540 3474 750 3546 remedium
778 3487 912 3572 potest.
943 3471 1142 3544 Interdum

137 3617 230 3666 vero
250 3618 298 3664 ne
317 3592 385 3664 ulli
403 3591 576 3690 quidem,
589 3592 661 3663 uisi
673 3587 883 3664 lorteinter
898 3592 1021 3679 initia,
1035 3590 1144 3662 locus

138 3724 210 3798 est,
236 3709 340 3782 velut
367 3734 412 3784 ex
434 3733 476 3781 ea
495 3708 698 3806 intelliges,
718 3731 833 3804 quam
852 3722 893 3780 ut
903 3733 955 3816 ff
973 3707 1143 3781 Valsalva

139 3841 319 3914 attexam,
336 3825 502 3898 historia.

190 3945 223 4018 8.
241 3943 379 4017 Mulier
395 3966 539 4016 annum
554 3964 669 4040 agens
685 3941 845 4016 alterum
862 3955 899 4015 et
917 3941 1148 4039 quinquage·
