2726 4676
275 420 344 492 268
440 445 485 492 nr
512 443 658 491 anninus
684 443 727 488 rr
754 442 876 490 causis
902 442 1110 490 uonnouuu

274 584 350 657 qua
374 557 438 628 itta
456 560 558 627 intus
586 556 824 628 convestitur.
845 557 940 626 Nam
959 557 1032 628 nisi
1050 555 1149 628 hanc
1167 557 1278 628 altius

275 673 544 774 perfricarent,
571 673 739 744 accidere
760 697 838 743 non
860 688 1004 771 posset,
1024 688 1065 746 ut
1082 675 1277 772 repentina

274 817 317 864 ac
336 793 457 862 valida
470 793 552 861 imae
566 792 694 862 vesicae
709 791 966 864 contractione
983 815 1072 862 acus
1089 815 1277 862 erearum

274 909 398 1006 digitis
430 909 605 1006 abrepta,
631 909 729 978 intra
760 909 920 980 vesicam
948 923 1044 996 tota,
1071 908 1276 1006 praesertim

274 1051 361 1098 cum
392 1026 626 1122 longiuscula
651 1039 725 1113 est,
757 1024 994 1096 conderetur.
1011 1025 1067 1097 Ab
1091 1025 1154 1094 illa
1175 1026 1274 1096 enim

276 1145 402 1239 ejusve
437 1143 652 1241 sphinctere
684 1168 770 1213 cum
802 1142 1000 1212 Mo'linetto
1024 1142 1089 1239 (ι)
1118 1140 1274 1213 infortu-

273 1263 379 1332 nium
411 1260 486 1331 hoc
512 1275 662 1357 repet0,
683 1285 762 1331 non
782 1261 855 1330 avi
874 1259 1056 1357 quadam,
1086 1273 1129 1332 ut
1149 1261 1272 1346 aiunt,

273 1381 388 1468 uteri,
408 1405 510 1476 quae,
531 1393 574 1450 ut
595 1393 812 1476 exsugeret,
829 1378 868 1448 in
889 1379 1048 1450 vesicam
1071 1393 1197 1449 tamen
1211 1404 1272 1448 ex-

273 1512 378 1570 sucta
396 1521 473 1568 non
496 1495 671 1568 traheret.
693 1500 737 1566 In
758 1521 871 1594 quam
890 1511 1091 1594 postquam
1116 1521 1204 1569 acus
1220 1512 1272 1566 at·

271 1631 396 1688 tractae
415 1630 523 1701 sunt,
544 1613 657 1712 paulo
671 1629 756 1711 post
770 1614 964 1686 nonnullis
983 1614 1137 1710 quidem
1158 1637 1270 1712 perse

182 1752 186 1759 ·
272 1733 470 1820 excidunt,
489 1747 532 1803 ut
549 1731 683 1830 puellis
700 1730 846 1802 duabus
862 1731 908 1802 de
928 1731 1066 1828 quibus
1079 1732 1180 1830 apud
1192 1731 1270 1804 Val-

270 1851 465 1922 lisnerium
479 1850 549 1945 (a),
562 1848 668 1920 alteri
678 1847 900 1937 dormienti,
922 1849 1028 1920 alteri
1043 1865 1167 1922 autem
1182 1851 1269 1920 min·

272 1970 392 2066 genti,
424 1965 538 2037 credo
565 1965 702 2064 quibus
723 1991 768 2036 ex
796 1982 902 2066 parte
924 1965 1164 2052 solummodo
1181 1967 1269 2038 vesi·

271 2107 353 2154 earn
376 2083 594 2171 subiissent,
622 2099 665 2156 ut
688 2087 798 2158 etiam
816 2085 855 2154 in
872 2087 980 2156 tertia
1003 2083 1159 2158 fortasse
1183 2083 1267 2172 fuit,

271 2226 410 2298 nempe
426 2203 566 2272 intorta
581 2227 648 2274 acu
664 2201 807 2274 facilius
823 2203 862 2272 in
876 2201 1028 2275 urethra
1042 2219 1149 2301 parte
1161 2204 1269 2274 altera

270 2334 509 2405 remanente,
531 2319 646 2391 altera
667 2319 764 2390 intra
779 2322 938 2392 vesicam
955 2321 1005 2391 ad
1022 2346 1190 2392 mensem
1212 2345 1266 2391 re-

269 2449 382 2506 tenta.
402 2436 470 2508 Cui
486 2437 583 2533 parti
600 2436 695 2506 nihil
712 2451 839 2509 tamen
857 2454 1067 2509 accreverat
1080 2439 1265 2512 calculosae

268 2554 452 2624 materiae:
469 2553 573 2650 quod
604 2579 727 2651 neque
761 2553 936 2627 accidisse
964 2553 1126 2626 refertur
1150 2557 1266 2628 acuia

270 2686 403 2768 quarta
421 2671 474 2768 (3)
491 2672 663 2760 intrusae,
682 2687 820 2769 etpost
839 2672 917 2744 dies
934 2672 1151 2770 quindecim
1175 2676 1265 2744 inter

269 2789 515 2888 mingendum
532 2789 679 2884 ejectae,
700 2815 813 2886 quam
831 2791 971 2888 pariter
990 2788 1119 2862 infima
1137 2807 1175 2862 et
1191 2817 1265 2862 acu·

267 2922 304 2978 ta
321 2923 426 3004 parte
446 2909 543 2978 intra
558 2908 673 2977 urinae
688 2908 759 2977 iter
773 2907 997 2996 substitisse,
1010 2907 1103 2979 illud
1114 2907 1264 2981 forsitan

266 3025 407 3095 indicio
429 3040 484 3096 est
494 3023 599 3122 quod
613 3024 658 3095 de
673 3026 888 3122 punctionis
903 3050 1016 3098 sensu
1029 3028 1127 3097 circa
1141 3029 1265 3100 vesicae

267 3142 403 3211 collum
425 3140 688 3213 tantummodo
704 3141 942 3239 querebatur.
963 3143 1035 3214 Sed
1054 3145 1123 3216 etsi
1136 3143 1214 3217 haec
1227 3171 1266 3216 ex

266 3261 310 3330 iis
328 3285 409 3356 quae
421 3261 653 3356 attingentur
669 3275 798 3358 postea
811 3259 868 3357 (4)
878 3261 924 3332 de
937 3287 1072 3335 acuum
1085 3287 1264 3334 mucrone

266 3375 428 3446 uretbrae
443 3375 575 3464 infirm,
591 3378 708 3474 magis
725 3377 1033 3466 illustrabuntur3
1051 3395 1264 3454 nontamen

303 3693 348 3770 (ι)
369 3693 493 3748 Dissert.
508 3651 587 3748 duat.
602 3692 716 3768 pathol.
732 3695 751 3748 l.
768 3694 802 3764 6,
818 3713 842 3749 c.
861 3695 888 3750 8.

303 3793 347 3870 (a)
367 3795 402 3847 In
414 3792 517 3848 adnot
530 3792 568 3848 ad
583 3795 646 3851 obs
639 3813 749 3870 .supra
760 3793 834 3852 ad'
811 3815 842 3852 n.
859 3813 894 3870 19
909 3794 959 3850 cit.

301 3893 445 3968 (3)1bid.

304 3989 346 4072 (4)
367 3994 406 4050 N.
429 3989 466 4050 25
484 4003 585 4068 etseq.
