2746 4674
127 399 198 444 mn.
228 397 291 442 111.
320 391 856 457 oruonsrsvsnrn1s,sr1sr.
883 394 956 442 xm.
994 370 1064 445 205

60 509 276 604 harumque
288 509 441 578 alteram
453 504 592 604 lapillis
602 509 711 600 quasi
722 528 966 605 conspersam.
979 511 1065 580 Cre·

61 617 171 698 dibile*
191 641 327 696 autem
343 651 421 694 non
437 639 491 696 est
506 623 596 705 tales
615 623 715 702 viros
740 645 810 718 pro
833 646 921 692 vera
947 649 1066 704 mem·
1114 612 1117 617 ’

59 743 171 812 brana
189 741 602 839 pseudomembranam
627 737 831 834 accepisse,
861 743 1066 835 praesertim

61 884 138 930 cum
158 857 380 955 Ruyschius
397 857 523 927 multis
537 871 621 926 ante
636 855 744 934 annis
762 880 837 952 qua
851 859 994 956 ratione
1007 881 1067 930 ars

61 977 195 1072 possit,
215 1001 302 1045 non
322 973 437 1056 modo
453 987 609 1059 natura,
627 964 1068 1068 pseudomembrand'sef·
1145 1034 1147 1038 .

62 1091 165 1163 ficere
181 1091 463 1186 docuissem),
478 1091 633 1188 ipseque
655 1085 847 1160 effecisset.
869 1093 977 1164 Certe
999 1096 1066 1164 aii.-

64 1223 131 1278 tem
145 1207 522 1305 pseudoinombrana
539 1230 617 1276 non
633 1222 731 1294 erat,
749 1207 889 1304 quippe
909 1211 985 1282 suis
1002 1236 1067 1282 va-

63 1327 104 1396 sis
120 1315 352 1424 sanguiferis
369 1324 541 1423 praedita,
555 1349 668 1419 quam
689 1323 818 1394 eadem
838 1327 896 1395 via
911 1327 1067 1426 ejectam

64 1444 179 1512 aviro
212 1457 465 1540 conspexerat
493 1455 601 1512 antea
634 1439 881 1512 Rouhaultius
901 1443 971 1539 (2),
1000 1447 1067 1543 qui

64 1571 129 1630 tres
143 1559 334 1630 duntaxat
346 1559 431 1654 ¹ejus
451 1559 643 1656 portiones
665 1583 707 1630 ea
725 1558 973 1654 amplitudine
988 1587 1067 1635 esse

66 1683 267 1774 comperit,
290 1691 330 1748 ut
348 1679 503 1746 internae
520 1676 650 1758 vesicae
669 1677 801 1746 tunicae
821 1676 912 1747 duas
936 1679 1066 1750 saltem

67 1807 181 1888 partes
196 1795 331 1864 tertias
343 1787 574 1878 fecissenon
594 1789 801 1896 dubitaret,
814 1807 961 1868 tantum
975 1820 1066 1868 vero

67 1908 165 1980 abest
183 1927 227 1982 ut
242 1910 518 2008 haemorrhagia
537 1925 631 1982 esset
651 1910 853 2004 conjuncta
868 1937 948 2008 quae
964 1912 1068 1984 cohi·

69 2023 140 2096 beri
157 2051 240 2098 non
260 2043 387 2124 posset
401 2053 410 2113 ;
426 2028 559 2108 lotium
575 2027 756 2125 sanguine
774 2028 935 2116 tinctum
955 2054 1065 2131 appa-

71 2143 136 2212 ruit
166 2169 382 2240 nunquam.
409 2143 592 2242 Equidem
614 2142 716 2214 haud
737 2143 926 2215 contendo
953 2148 1065 2244 quid-

69 2259 153 2354 quid
172 2287 192 2333 e
213 2263 340 2344 vesica
367 2263 441 2349 exit
466 2259 691 2332 membranae
714 2258 851 2349 torma,
870 2287 995 2334 veram
1024 2267 1064 2341 id

71 2397 137 2446 esse
161 2377 447 2464 membranam,
474 2379 645 2474 quinon
673 2373 784 2450 fuisse
812 2381 852 2448 in
882 2405 966 2454 meo
998 2382 1063 2454 illo

70 2492 136 2563 cive
169 2479 396 2567 censuerim.
426 2494 503 2584 Sed¹
527 2491 600 2573 hoc
625 2494 712 2564 volo
738 2491 816 2584 eise
847 2511 972 2570 tamen
999 2501 1066 2572 ali·

72 2611 212 2703 quando
239 2628 350 2694 notas
377 2611 681 2691 membranarum
707 2612 801 2684 adeo
827 2615 1063 2708 manifestaS,

71 2740 106 2794 ut
135 2730 450 2810 exercitatissimis
472 2731 538 2826 qui
569 2731 859 2801 examinaverint
888 2733 994 2820 viris,
1026 2751 1063 2806 et

72 2865 130 2938 pro
146 2850 245 2920 veris
265 2845 489 2935 habuerint,
506 2838 583 2916 non
605 2849 650 2916 sit
662 2848 952 2943 repugnandum
967 2877 974 2917 :
992 2875 1062 2922 nec

74 2963 148 3054 quia
164 2947 244 3035 non
259 2965 441 3034 continuo
452 2963 706 3060 assequimur,
720 2989 792 3058 qua
803 2965 947 3036 ratione
962 2993 1060 3064 quae·

73 3074 144 3148 dam
164 3081 312 3178 possint
329 3081 471 3177 absque
485 3081 706 3178 gravissimis
716 3095 827 3176 atque
837 3081 933 3154 'adeo
949 3084 1063 3157 letha-

74 3189 158 3269 libus
175 3199 494 3301 symptomatibus'
505 3197 693 3286 accidere,
715 3219 760 3267 eo
784 3197 1078 3286 decurrendum¹

76 3332 161 3403 esse,
177 3333 220 3388 ut
238 3315 334 3420 santa
353 3311 542 3412 negemus.
562 3316 680 3413 Igitur
698 3339 779 3411 quae
795 3317 834 3384 in
848 3318 959 3388 simili
973 3345 1063 3392 eon·

75 3435 239 3504 troversia
259 3432 306 3504 de
325 3432 549 3504 abscedente
564 3430 767 3527 aliquando
785 3432 933 3506 interna
952 3461 1064 3508 mem·

85 3641 1056 3669 mm..—

111 3818 146 3898 (1)
167 3823 250 3884 Thes.
265 3836 343 3884 ¹anat.
360 3807 389 3896 7,
406 3846 435 3882 n.
453 3827 499 3900 39.

113 3917 151 3995 (²)
167 3926 237 3984 Hist.
250 3929 287 3985 de
299 3926 410 3982 l’Acad.
425 3928 499 4001 Roy.
515 3925 565 3980 des
584 3925 631 3980 Se.
646 3917 807 3994 an.'1714,
826 3923 888 3978 obs.
901 3935 978 3978 anat.
995 3945 1019 3978 1.
