2726 4676
279 395 349 492 298
442 420 487 466 on
515 419 659 468 sentens
686 419 728 464 nr
753 417 877 466 causis
903 417 1112 466 nonnosum

275 547 393 618 terea,
410 532 485 604 sive
510 529 756 628 appendices,
772 546 813 602 ut
837 546 997 615 vocant,
1015 533 1103 604 istas
1127 530 1281 621 habeat,
1348 521 1349 538 ¹

275 673 353 720 non
378 649 540 720 libenter
563 648 624 718 hic
647 647 857 746 disputabo.
879 651 973 722 Satis
994 649 1090 722 mibi
1114 665 1231 738 esset,
1250 653 1279 724 si

273 775 357 865 quin
371 766 418 838 de
439 791 481 838 ea
501 765 619 862 figura
642 782 728 838 ante
750 767 1052 840 Weitbrechtum
1072 769 1281 866 proposui,

272 886 323 958 ita
337 883 386 956 ab
403 884 597 956 nonnuliis
606 881 837 956 referrentur
853 887 1001 972 omnia,
1022 902 1064 958 ut
1073 901 1161 983 post
1171 886 1276 959 ittum

274 1003 512 1102 proposuisse
522 1003 571 1087 ,si
582 1003 733 1099 Superis
746 1003 883 1098 placet,
897 1027 976 1074 non
986 1004 1136 1076 viderer
1148 1031 1156 1074 :
1166 1027 1283 1102 quan·

275 1122 388 1217 qriam
403 1143 520 1190 nemo·
529 1133 651 1216 potest
664 1119 764 1190 illam
775 1121 855 1215 ejus
866 1121 1169 1196 dissertationem
1182 1122 1284 1221 legis

276 1263 333 1326 se,
351 1239 445 1334 quin
465 1238 647 1334 temporis
662 1263 741 1334 quo
755 1253 919 1336 uterque
933 1255 1106 1312 nostrum
1118 1265 1184 1312 sua
1196 1265 1283 1339 pro·

274 1355 380 1443 tulit,
398 1354 666 1426 admoneretur
682 1381 751 1455 per
765 1381 849 1427 eam
862 1357 983 1454 ipsam
997 1357 1282 1432 adnotationem

275 1497 389 1571 quam
397 1472 647 1546 dissertationi
666 1474 859 1572 iilisponte
874 1477 1140 1574 apposuitnon
1154 1477 1283 1550 minus

270 1593 391 1688 justa,
406 1616 519 1688 quam
552 1591 661 1662 docta
684 1594 964 1694 Petropolitana
988 1598 1127 1692 Imper.
1144 1594 1281 1666 Acade-

273 1711 348 1781 mia
364 1709 515 1805 (1).Nec
530 1707 736 1782 defuerunt
748 1711 816 1806 qui
831 1712 936 1782 sinus
946 1712 1037 1784 istos
1045 1711 1093 1782 ab
1104 1712 1282 1798 Riolano,

273 1827 432 1925 aliisque
450 1829 549 1898 visos
576 1851 661 1898 cnm
687 1828 731 1899 iis
763 1829 978 1925 promiscue
996 1830 1074 1924 jam
1101 1827 1282 1903 confude-

272 1946 351 2016 rint
365 1968 462 2040 quos
476 1969 545 2042 ego
568 1969 647 2014 non
663 1969 683 2016 a
703 1946 871 2032 calculis,
894 1945 962 2018 sed
980 1946 1028 2018 ab
1057 1945 1202 2020 diutius
1220 1969 1277 2018 re·

271 2079 377 2135 tenta
395 2065 503 2133 urina
525 2064 564 2134 in
584 2065 725 2150 vesica,
743 2062 1039 2135 observaveram.
1076 2065 1196 2159 Cujus
1217 2089 1275 2161 ge-

270 2183 373 2252 neris
391 2205 470 2251 esse
489 2179 696 2277 potuerunt
725 2180 954 2278 appendices
979 2181 1051 2252 illae
1074 2180 1157 2252 duae
1185 2205 1271 2278 speras

269 2303 454 2394 Bergerus
470 2297 524 2391 (a)
544 2321 737 2370 saccorum
762 2300 879 2370 instar
897 2299 944 2370 ad
965 2300 1127 2372 vesicam
1143 2297 1273 2398 depre-

271 2415 423 2502 hendit;
442 2440 528 2486 nam
546 2430 583 2486 et
596 2415 690 2488 lotio
705 2417 846 2512 plene,
884 2431 920 2488 et
945 2417 984 2488 in
1004 2439 1092 2488 sene
1110 2431 1217 2488 erant
1236 2439 1272 2484 ex

272 2532 355 2603 lotii
373 2533 639 2631 suppressione
659 2531 965 2621 mort1103fuisse
983 2549 1109 2604 antem
1131 2536 1212 2630 ejus
1226 2555 1275 2630 ge

271 2651 393 2738 neris,
421 2651 569 2748 planius
594 2653 797 2739 sciremus,
820 2653 851 2722 si
870 2652 952 2722 loca
978 2650 1213 2738 adnotasset,
1235 2671 1273 2720 es

272 2767 410 2865 quibus
423 2783 646 2866 prostarent.
666 2767 738 2838 Sed
755 2784 864 2840 antea
885 2767 1035 2842 fuerant
1060 2771 1128 2867 qui
1158 2791 1273 2842 saoco-

272 2912 358 2958 rum
371 2888 500 2957 vesicae
515 2887 701 2981 originem
717 2886 825 2958 aliter
841 2885 1094 2983 explicarent,
1112 2886 1176 2958 alii
1189 2883 1240 2982 (3)
1253 2907 1270 2954 a

271 3007 448 3102 primaeva
470 3005 549 3101 ipsa
567 3000 865 3076 conformatione
884 3019 1123 3102 repetentes,
1142 3005 1202 3076 atti
1221 3001 1268 3098 (4)

272 3122 455 3194 aeaicuio
466 3123 531 3218 qui
550 3123 649 3192 inter
668 3123 796 3192 vesicae
814 3123 961 3194 tunicas
977 3121 1165 3218 paulatim
1181 3143 1270 3192 eres-

272 3263 377 3328 eens,
390 3265 434 3310 ex
450 3239 509 3310 his
520 3241 699 3335 sejunctis
718 3264 867 3312 saecum
881 3238 952 3310 sibi
967 3236 1106 3311 formet
1123 3265 1142 3314 a
1157 3239 1270 3310 vesica

274 3355 521 3454 pendentem,
551 3372 737 3455 ruptaque
766 3357 938 3445 demum,
966 3357 1028 3427 vel
1056 3381 1164 3428 exesa
1181 3357 1266 3424 inte·
