2746 4674
176 485 248 538 orn,
271 483 327 529 ιιι.
355 483 402 528 un
428 481 895 544 nonntsvnnrnvs,nr1sr.
922 483 979 528 xo.
1012 453 1079 548 169

92 609 119 654 et
132 597 244 668 facum,
268 607 296 653 et
317 595 465 672 gradatim
483 595 639 665 anorexia,
657 595 815 671 agrypnia,
835 595 915 652 laesio
936 595 1088 652 variarum

89 697 274 764 functionum,
290 696 438 770 dyspnaea,
453 694 544 752 febris
556 695 642 752 lentae
653 695 774 770 species,
786 713 944 772 gangrena
951 695 1090 754 clunibus

90 807 119 852 et
131 815 217 853 sacro.
240 795 375 852 Tandem
386 795 478 856 variis
492 794 578 852 malis
592 806 621 852 et
638 813 767 854 moerore
782 777 917 852 confecta
934 814 1008 872 aegra
1020 795 1089 870 pla·

89 897 149 952 cide
159 896 230 952 obiit
241 915 323 952 nono
336 915 436 952 mense
448 914 466 952 a
480 896 586 970 primis
598 895 736 970 querelis.

111 1041 114 1050 ι
126 997 259 1066 Cadaver,
273 995 382 1072 viginti
390 994 473 1052 horis
483 1006 683 1070 postmortem
689 993 1006 1069 lustratnm,pallidum
1016 1005 1089 1050 erata

91 1097 267 1152 ne'cmultum
278 1095 372 1152 macic
384 1095 565 1152 conlectum:
582 1107 664 1153 artus
672 1093 816 1152 thoracic'i
827 1093 924 1154 adhuc
939 1093 1088 1171 rigebant,
1104 1121 1113 1132 ι·

96 1194 290 1250 abdomiuales
304 1212 377 1250 vero
394 1193 511 1250 flaccidi
533 1205 562 1250 et
584 1196 707 1252 omnino
723 1195 881 1265 flexibiles,
904 1195 1044 1270 pedesut
1060 1205 1090 1252 et

93 1293 175 1350 facies
186 1296 336 1370 posterior
342 1295 509 1363 cadaveris,
519 1295 625 1352 leviter
638 1295 865 1370 oedematosioe-
874 1297 909 1350 ln
922 1295 1017 1370 capite
1027 1313 1090 1350 om-

90 1394 138 1449 nia
149 1413 215 1450 sana
230 1397 295 1452 visa
315 1405 399 1464 sunt,
419 1396 604 1452 solummodo
621 1413 714 1470 parva
735 1395 886 1470 quantitas
903 1394 960 1451 seri
972 1371 1095 1470 limpidii
1130 1383 1132 1388 ¹

90 1493 118 1548 in
132 1495 298 1552 ventriculis
313 1495 491 1552 lateralibus.
502 1497 583 1550 -ln
596 1495 718 1552 thorace
728 1497 838 1569 pleurae
850 1506 879 1551 et
887 1494 1088 1570 pericardium

91 1587 207 1668 parvam
220 1597 277 1652 seri
290 1595 486 1670 quantitatem
501 1571 712 1666 continebant;
731 1615 783 1652 cor
797 1614 902 1652 sanum
915 1607 944 1654 et
953 1607 1090 1654 contrac-

89 1704 161 1764 tum,
184 1695 316 1752 auricula
337 1696 456 1753 dextera
480 1695 621 1771 sanguine
640 1695 728 1776 nigro
752 1705 780 1750 et
795 1704 909 1770 'parum
933 1697 1088 1770 coagulato

87 1797 202 1868 repleta,
211 1795 274 1868 ejus
286 1795 384 1870 paries
396 1795 522 1852 interior
536 1797 636 1852 colore
650 1807 716 1852 atro
725 1795 853 1864 tinctus;
866 1795 1021 1869 pulmones
1032 1811 1089 1849 un-

88 1893 168 1968 dique
181 1895 284 1967 liberi,
302 1895 409 1952 leviter
426 1896 525 1966 rubri,
541 1897 592 1952 sed
605 1891 751 1954 bronchia
764 1906 793 1952 et
807 1913 910 1950 eorum
927 1894 1088 1956 divisiones

89 1987 167 2050 muco
179 2013 319 2069 spumoso
332 2007 417 2052 erant
430 1995 552 2052 omniuo
565 1997 687 2070 repleta.
704 2029 744 2040 -
758 1997 794 2054 In
808 1993 983 2064 abdomine,
1007 2012 1086 2067 pau-

88 2111 131 2150 cus
141 2091 248 2151 humor
258 2115 391 2167 serosus,
406 2097 520 2154 viscera
533 2095 692 2172 digestioni
708 2095 900 2154 inservientia
917 2093 1040 2152 flaccida
1056 2105 1087 2152 et

88 2211 164 2266 sana,
179 2197 367 2273 solummodo
379 2197 553 2254 intestinum
571 2208 684 2255 rectum
704 2207 794 2272 atque
807 2213 876 2270 pars
892 2195 1012 2252 sinistra
1028 2195 1088 2252 coli

90 2303 207 2350 stercore
221 2307 377 2370 compacto
390 2295 751 2373 turgebaut;vesicalotio
765 2296 907 2364 distenta,
919 2314 971 2352 ren
985 2295 1087 2352 dexter

90 2383 115 2446 et
123 2405 219 2452 uterus
235 2396 266 2450 in
281 2406 402 2452 statuet
415 2396 625 2468 formasolita;
640 2397 691 2454 sed
705 2397 760 2454 sub
772 2396 935 2470 peritonaeo
949 2407 978 2452 et
989 2397 1084 2470 prope

92 2511 180 2550 renem
195 2496 349 2552 sinistrum
361 2495 513 2552 invenitur
535 2506 635 2552 tumor
647 2499 753 2567 elatus,
777 2496 921 2562 renitens,
934 2496 1083 2566 elasticus,

90 2591 167 2650 ierne
175 2596 330 2665 rotundus,
343 2595 577 2672 magnitudinem
587 2595 683 2672 pugni
695 2613 825 2671 aequans,
835 2597 887 2670 qui
900 2594 1024 2652 firmiter
1034 2597 1085 2652 ad·

90 2686 204 2750 herebat
222 2695 307 2750 lateri
324 2695 475 2770 corporis,
491 2695 594 2770 prirnae
608 2706 637 2752 et
654 2697 788 2752 secundae
807 2695 951 2752 vertebras
963 2695 1082 2750 lumbo-

89 2807 157 2863 rum,
171 2795 265 2870 etqui
280 2814 333 2851 sna
344 2797 421 2856 mole
438 2814 538 2852 renem
554 2795 724 2863 sinistrum,
744 2791 937 2871 diaphragma
948 2805 977 2850 et
993 2795 1082 2850 fasci-

90 2893 161 2950 culos
174 2896 375 2952 musculorum
390 2894 557 2952 vicinorum
576 2895 645 2969 plus
667 2894 801 2950 minusve
828 2894 1011 2970 depresserat
1031 2905 1083 2950 aut

93 2989 249 3051 dimoverat.
272 2995 328 3051 Hic
350 3004 451 3050 tumor
466 2992 595 3070 cystieus
611 2993 795 3050 formabatur
813 3003 895 3048 extus
911 2992 1083 3050 membrana

91 3089 220 3150 albicante
243 3095 354 3164 densa,
381 3091 608 3162 semicoriacea,
628 3103 657 3148 et
671 3091 751 3175 ingts
761 3091 933 3166 replebatur
945 3091 1084 3170 congerie

93 3203 233 3248 numerosa
249 3189 484 3268 hydatidumseu
492 3193 592 3268 potius
604 3191 750 3248 vermium
760 3191 1084 3248 vesiculosorumovol-

94 3285 201 3362 dorum,
214 3293 449 3366 diapbanorum,
474 3293 526 3368 qui
540 3292 661 3368 nuperis
672 3289 909 3366 aephalocystes
925 3291 1084 3354 nominan-

95 3396 142 3443 tur·
169 3392 281 3448 Horum
306 3393 481 3470 magnitudo
506 3411 569 3449 non
607 3401 671 3448 erat
702 3373 821 3460 eadem3
850 3392 950 3465 plures
982 3411 1082 3468 aequa-

93 3483 154 3544 bant
165 3493 301 3548 volumen
315 3492 366 3548 ovi
377 3491 555 3563 columbini,
571 3491 622 3548 alii
634 3491 853 3547 numerosiores
865 3490 955 3548 variae
965 3491 1082 3568 magni-

95 3586 191 3646 tudinis
202 3604 229 3648 et
241 3592 364 3667 quidam
376 3591 443 3666 piso
454 3591 573 3668 vulgari
592 3590 737 3659 minorem
755 3589 864 3647 fundus
885 3590 1010 3647 tumoris
1027 3596 1081 3666 qui

95 3695 162 3742 trote
172 3687 314 3748 insidebat
327 3692 441 3748 duabus
452 3690 557 3766 primis
568 3690 714 3747 vertebris
727 3690 911 3762 lumborum,
935 3691 1081 3748 formatus

95 3781 232 3847 videbatur
251 3791 393 3866 periostio
409 3792 518 3847 horum
534 3791 654 3848 ossium.
669 3789 717 3846 Ibi
738 3789 904 3847 substantia
919 3805 1004 3846 ossea
1019 3801 1082 3846 erat

97 3877 230 3958 inaequalis
235 3932 244 3962 ,
262 3909 334 3948 cava
347 3901 376 3946 et
391 3909 490 3962 erosa,
503 3891 649 3948 foramina
661 3889 930 3960 intervertcbralia,
945 3908 1081 3964 perquer
1149 3939 1152 3944 ,

99 3986 231 4046 transeunt
243 3991 328 4047 nervi
343 3990 506 4065 lumbares,
521 4000 606 4066 erant
616 4000 676 4048 tam
689 3991 788 4048 lataet
798 3985 979 4066 amplificata
989 3999 1023 4046 ut
1036 4007 1083 4048 ex-
1102 3987 1103 3990 ’
