2746 4674
258 404 325 487 104
417 422 464 474 nt
490 420 636 470 snnrnns
660 422 705 468 nr
729 419 853 470 cauus
877 421 1085 491 uonnonmr

253 561 364 612 sere:
393 536 458 632 qui
483 537 618 606 iterum
651 533 715 606 sed
745 534 1007 608 vehementius
1029 535 1264 622 redeuntes,

251 667 447 724 necarunt.
461 657 600 723 Ventre
612 667 761 752 aperto,
779 654 905 724 omnia
919 653 1094 724 intestina
1107 667 1263 750 reperta
1343 749 1344 752 Ἴ

257 785 347 842 sunt
367 767 493 840 colore
513 768 560 839 ad
586 768 743 844 lividum
774 769 989 846 inclinante.
1014 769 1267 844 Ventriculus
1343 758 1345 804 l

255 902 378 958 autem
396 909 526 974 sanus,
551 885 656 956 nullo
674 901 876 984 apparente
897 885 972 960 loci
984 887 1141 983 vestigio
1156 885 1264 956 unde

255 1003 406 1100 sanguis
434 1001 642 1100 prodiisset.
663 1000 707 1078 ln
731 1003 886 1076 renibus
914 1003 1061 1079 minimi
1093 1001 1266 1074 latebant

255 1121 407 1209 calculi,
428 1119 602 1192 nonnulli
627 1122 749 1220 nigri,
769 1120 829 1192 alii
857 1117 1077 1209 albicantes,
1099 1121 1266 1192 sinuosae

256 1254 436 1336 praeterea
465 1262 606 1328 caveae,
637 1239 676 1309 in
708 1239 858 1327 sinistro
888 1239 1113 1335 praesertim,
1150 1238 1266 1310 urina
1351 1253 1354 1306 t

257 1356 378 1454 plenae
396 1383 404 1424 ε
423 1381 504 1452 quae
520 1379 585 1428 sua
604 1355 712 1451 copia
728 1356 889 1452 pelvim,
907 1369 944 1426 et
955 1353 1044 1426 huic
1061 1355 1265 1462 continua-

258 1489 340 1544 tum
354 1487 541 1548 ureterem
563 1472 724 1546 multum
742 1471 969 1544 dilataverat.
997 1476 1040 1542 In
1062 1473 1184 1570 capite
1198 1473 1267 1542 in·
1356 1473 1358 1516 l

259 1605 367 1666 terna
384 1590 528 1662 cerebri
545 1589 752 1664 substantia
773 1588 1061 1686 quadantenus,
1081 1589 1198 1685 hujus
1206 1613 1270 1662 au-
1360 1640 1361 1672 1

260 1726 336 1785 tem
362 1714 549 1812 praecipue
578 1710 778 1782 ventriculi
801 1735 885 1782 sero
913 1708 1114 1782 scatebant.
1146 1711 1270 1782 Deni·
1361 1696 1362 1706 ¹

261 1854 335 1927 que
357 1830 403 1900 ad
422 1830 626 1928 digitorum
648 1827 846 1916 articulos,
866 1826 1138 1916 cutesublata,
1162 1826 1268 1898 illico
1364 1861 1365 1866 ¹

261 1947 301 2016 in
333 1945 575 2034 membrana,
610 1943 783 2016 tendines
824 1943 1075 2033 obvolvente,
1106 1957 1270 2014 tartarea

261 2065 417 2139 materia
435 2061 670 2159 deprehensa
695 2076 768 2149 est,
794 2085 876 2157 quae
894 2087 939 2134 ex
956 2060 1043 2132 albo
1066 2063 1104 2130 in
1125 2057 1269 2130 flavum

264 2180 431 2260 colorem
445 2177 632 2275 vergebat.

316 2297 347 2368 3.
365 2301 458 2369 Cum
472 2295 581 2393 plura
593 2311 764 2394 possent,
780 2297 885 2394 quod
900 2299 940 2368 in
953 2295 1023 2368 hac
1037 2296 1194 2393 aliisque
1204 2320 1272 2368 sae-

266 2435 477 2512 penumero
487 2411 551 2489 fiet
561 2415 789 2512 epistolis,ex
800 2415 994 2513 proposita
1007 2413 1272 2486 observatione

268 2529 421 2618 deduci,
437 2545 515 2608 tum
528 2531 623 2630 illud
638 2533 825 2630 praecipue
836 2528 1059 2603 confirmare
1071 2532 1157 2604 licet
1165 2531 1274 2628 quod

268 2649 309 2718 in
327 2646 513 2727 medicina
530 2648 737 2724 exercenda
760 2651 891 2748 saepius
913 2649 1096 2737 occurrit,
1115 2649 1162 2720 ad
1182 2650 1274 2722 arti·

270 2764 444 2845 culorum
475 2763 625 2843 dolores
655 2766 833 2842 accedere
867 2790 1002 2842 renum
1026 2765 1198 2853 dolores,
1225 2765 1275 2840 ad

268 2882 339 2953 hos
356 2882 521 2979 denique
536 2885 771 2981 gravissimos
789 2883 934 2956 cerebri
948 2882 1114 2956 morbos.
1128 2887 1273 2982 Nempe

270 3002 337 3097 qui
366 2998 552 3072 arthritidi
577 3000 732 3074 obnoxii
757 3017 863 3090 sunt,
894 3016 1038 3098 quanto
1062 3002 1187 3074 minus
1215 3005 1274 3074 uti

269 3131 428 3214 possunt
441 3119 611 3215 corporis
629 3134 754 3208 motu,
773 3133 877 3194 tanto
903 3122 1028 3190 minus
1046 3121 1186 3216 agitant
1205 3145 1272 3194 eos

268 3234 471 3323 musculos,
485 3259 647 3331 quorum
667 3235 834 3308 motibus
847 3261 956 3308 renes
973 3261 1126 3336 quoque
1140 3239 1273 3336 attigui

270 3353 519 3448 coagitantur,
540 3377 587 3424 ne
616 3349 723 3422 facile
746 3353 785 3424 in
805 3352 864 3426 his
884 3356 993 3426 urina
1018 3352 1214 3444 subsistat,
1234 3371 1273 3430 et

256 3471 466 3557 arenulas,
495 3469 632 3566 quibus
666 3468 753 3546 foeta
793 3487 867 3560 est,
908 3472 1082 3570 deponat.
1125 3471 1272 3547 Videsis

266 3587 536 3670 fioerhaavium
556 3587 628 3683 tr),
651 3603 688 3661 et
708 3590 874 3686 magistri
899 3613 1005 3661 sensa
1026 3604 1127 3668 recte
1153 3591 1287 3663 inter-¹

301 3960 345 4041 (t)
364 3963 493 4022 Praelect.
506 3963 543 4020 ad
559 3969 574 4034 5
590 3961 665 4036 352„
683 3965 899 4035 insatietatis
913 3963 981 4030 365,
