2740 4670
139 443 204 503 tri.
232 453 288 502 111.
315 455 362 502 nn
388 449 847 517 nonnrsvrurnrs,rr1sr.
875 441 977 502 mut.
1005 423 1080 521 dot

81 569 306 668 pendentem
331 567 577 640 Vallisnerius
601 565 655 664 (ι)
681 571 922 642 memorarit:
939 597 983 640 ex
1004 564 1080 645 tam

82 686 209 759 crebra
231 700 353 756 autem
376 682 600 780 hydatidum
628 686 703 756 sive
733 685 972 776 adnatarum‚
1001 691 1081 761 sive

81 825 355 898 nonnunquam
380 797 675 897 dependentium
694 815 773 874 tum
794 803 832 870 in
854 800 1079 876 feminarum

81 921 214 991 orariis
230 971 239 1006 ,
254 939 337 989 tum
352 919 392 987 in
412 920 582 987 virorum
599 917 783 988 testiculis.
798 916 1082 1009 observatione,¹

65 1049 219 1108 'novum
233 1049 499 1132 argumentum
518 1035 641 1131 capies
660 1032 916 1111 similitudinis
930 1061 1012 1134 quae
1025 1040 1079 1108 in·
1105 1025 1107 1030 '

82 1167 134 1224 ter
146 1169 327 1250 utrasque
337 1151 404 1223 has
415 1167 540 1249 partes
552 1150 772 1239 intercedit,
786 1154 816 1222 si
829 1170 909 1223 rem
926 1155 1085 1251 quidem.

83 1273 129 1343 ric
146 1274 356 1368 generatim
374 1285 594 1366 spectemus.
612 1265 686 1340 'Sed
706 1293 727 1338 a
748 1271 912 1340 vesicula
945 1297 1084 1370 prope.-

81 1390 235 1462 modum
257 1387 375 1460 solida
389 1386 436 1457 ad
450 1385 707 1474 tuberculum,
727 1386 1085 1486 sivecorpusculum
1134 1389 1138 1394 ”
1220 1371 1223 1380 ’

83 1508 240 1577 omnino
249 1507 326 1602 jam
344 1501 504 1576 solidum
518 1507 728 1600 pergamus,
856 1599 860 1602 ‚

127 1653 182 1697 aa.
206 1623 399 1714 Bubulcus
411 1637 497 1719 post
507 1621 673 1691 medium
685 1622 899 1717 januarium
914 1625 1084 1699 mensem

84 1745 167 1813 anni
191 1740 356 1838 17d3‚in
377 1739 452 1810 hoc
469 1733 614 1808 obierat
628 1741 860 1810 nosocomio.
889 1745 924 1812 Is
945 1742 1085 1838 quibus

82 1861 318 1958 potissimum
346 1857 533 1928 obnoxius
552 1852 681 1926 fuisset
700 1856 860 1946 morbis,
889 1874 926 1929 et
946 1859 1088 1955 quibus

83 1976 267 2063 sublatus,
281 1997 449 2072 cumpro
469 1988 572 2044 certo
584 1971 709 2043 dicere
724 1997 800 2044 non
817 1975 958 2072 possim
971 2031 979 2064 ‚
991 2001 1085 2057 conc

81 2095 180 2189 jicies
189 2095 272 2191 ipse
287 2093 391 2164 exiis
405 2115 487 2188 quae
505 2105 639 2187 praeter
650 2107 823 2162 naturam
834 2092 1085 2192 deprehendi,

85 2235 166 2282 cum
185 2214 228 2282 in
251 2210 444 2308 gymnasio
465 2232 548 2305 quae
576 2207 623 2278 ad
641 2224 812 2284 ventrem
831 2212 1016 2307 attinent,
1047 2228 1105 2284 et»

84 2353 160 2428 quae
174 2327 224 2400 ad
234 2328 447 2414 thoracem,
467 2324 741 2398 inciderentur.

128 2445 301 2531 Thorax,
315 2443 362 2515 ab
376 2444 451 2536 hoc
469 2445 572 2516 enim
581 2442 641 2513 bic
652 2444 758 2538 juvat
769 2439 918 2515 initium
927 2445 1087 2536 ducere,

86 2566 285 2663 pulmones
312 2564 444 2636 habuit
474 2579 576 2634 arcte
605 2587 691 2636 cum
725 2563 855 2660 pleura
880 2590 1091 2657 connexos,

86 2699 212 2756 cetera
233 2705 361 2754 sanos:
376 2705 443 2753 cor
464 2703 662 2778 magnum:
676 2681 850 2750 arteriam
864 2696 1007 2756 aortam
1014 2708 1091 2781 qua

86 2799 313 2872 descendere
343 2797 568 2896 incipiebat,
601 2821 679 2868 non
712 2798 794 2868 sinc
824 2798 949 2894 aliqua
983 2823 1090 2871 ossea

87 2918 298 3015 squamula:
314 2915 500 2987 carotides
517 2910 666 2986 latiores
682 2937 796 3009 quam
811 2914 972 3003 soleant,
990 2915 1093 2988 latis»
1171 2914 1177 2932 ⁸

88 3035 196 3106 simas
211 3049 336 3108 autem
348 3032 541 3131 jugulares
559 3040 673 3102 venas
688 3031 875 3118 internas,
898 3030 1093 3104 dexteram

66 3179 68 3192 ·
88 3153 315 3249 praesertim,
336 3175 419 3248 quac
436 3159 520 3220 aere
538 3147 656 3245 magis
675 3163 718 3220 ut
735 3148 950 3238 videbatur,
977 3175 1090 3249 quam

86 3270 269 3378 sanguine
283 3269 412 3368 plena,
428 3267 585 3364 digitum
596 3264 772 3362 pollicem
784 3262 1089 3364 fermeaequabat.

88 3390 229 3457 Ventre
254 3401 405 3484 aperto,
437 3384 568 3455 oculos
594 3380 704 3452 adse
733 3384 918 3463 convertit
945 3384 1095 3466 sinistra

89 3504 161 3574 ima
179 3527 267 3601 pars
285 3501 358 3574 coli
377 3501 565 3587 intestini,
592 3495 744 3570 datibus
773 3498 941 3589 dilatata,
971 3526 1092 3598 eoque

91 3619 301 3719 compulsa,
314 3635 355 3690 ut
372 3620 454 3714 ejus
468 3616 629 3689 inflexus
647 3616 709 3687 ille
722 3630 861 3688 tractus
874 3642 971 3715 pene
989 3633 1094 3691 totus

100 3827 1098 3856 *mn—*m

130 3957 175 4037 (1)
195 3958 283 4023 tuor.
299 3957 374 4020 della
385 3974 519 4036 generez.
533 3975 565 4032 p.
580 3973 615 4031 a,
630 3975 657 4014 c.
669 3953 703 4029 t,
716 3974 747 4018 n
761 3973 809 4015 ιι.

167 4054 293 4142 5.·
662 4170 666 4176 .
901 4029 1103 4137 κδ’
