<?xml version="1.0" encoding="UTF-8"?>
<!DOCTYPE html PUBLIC "-//W3C//DTD XHTML 1.0 Transitional//EN"
    "http://www.w3.org/TR/xhtml1/DTD/xhtml1-transitional.dtd">
<html xmlns="http://www.w3.org/1999/xhtml" xml:lang="en" lang="en">
 <head>
  <title>
</title>
<meta http-equiv="Content-Type" content="text/html;charset=utf-8" />
  <meta name='ocr-system' content='tesseract 3.04.00' />
  <meta name='ocr-capabilities' content='ocr_page ocr_carea ocr_par ocr_line ocrx_word'/>
</head>
<body>
  <div class='ocr_page' id='page_1' title='image "./desedibusetcaus05adelgoog_0209.png"; bbox 0 0 2746 4674; ppageno 0'>
   <div class='ocr_carea' id='block_1_1' title="bbox 1207 41 1363 548">
    <p class='ocr_par' dir='ltr' id='par_1_1' title="bbox 1249 29 1363 216">
     <span class='ocr_line' id='line_1_1' title="bbox 1249 41 1252 54; baseline -0.009 163"><span class='ocrx_word' id='word_1_1' title='bbox 1249 41 1252 54; x_wconf 69' lang='lat' dir='ltr'><strong>l</strong></span> 
     </span>
    </p>

    <p class='ocr_par' dir='ltr' id='par_1_2' title="bbox 1207 217 1363 516">
     <span class='ocr_line' id='line_1_2' title="bbox 1207 235 1215 248; baseline -0.006 149"><span class='ocrx_word' id='word_1_2' title='bbox 1207 235 1215 248; x_wconf 48' lang='grc' dir='ltr'><strong><em>ι</em></strong></span> 
     </span>
     <span class='ocr_line' id='line_1_3' title="bbox 1362 507 1363 516; baseline 0 0"><span class='ocrx_word' id='word_1_3' title='bbox 1362 507 1363 516; x_wconf 84' lang='lat' dir='ltr'><strong>t</strong></span> 
     </span>
    </p>

    <p class='ocr_par' dir='ltr' id='par_1_3' title="bbox 1362 521 1363 528">
     <span class='ocr_line' id='line_1_4' title="bbox 1362 521 1363 528; baseline 0 0"><span class='ocrx_word' id='word_1_4' title='bbox 1362 521 1363 528; x_wconf 84' lang='lat' dir='ltr'><strong>t</strong></span> 
     </span>
    </p>

    <p class='ocr_par' dir='ltr' id='par_1_4' title="bbox 1362 533 1363 548">
     <span class='ocr_line' id='line_1_5' title="bbox 1362 533 1363 548; baseline 0 0"><span class='ocrx_word' id='word_1_5' title='bbox 1362 533 1363 548; x_wconf 88' lang='lat' dir='ltr'><strong>l</strong></span> 
     </span>
    </p>
   </div>
   <div class='ocr_carea' id='block_1_2' title="bbox 318 457 1146 541">
    <p class='ocr_par' dir='ltr' id='par_1_5' title="bbox 318 457 1146 541">
     <span class='ocr_line' id='line_1_6' title="bbox 318 457 1146 541; baseline -0.002 -15"><span class='ocrx_word' id='word_1_6' title='bbox 318 457 389 541; x_wconf 62' lang='lat' dir='ltr'><strong>solt</strong></span> <span class='ocrx_word' id='word_1_7' title='bbox 438 475 454 514; x_wconf 53' lang='grc' dir='ltr'><em>θ</em></span> <span class='ocrx_word' id='word_1_8' title='bbox 479 477 525 524; x_wconf 79' lang='lat' dir='ltr'><strong>na</strong></span> <span class='ocrx_word' id='word_1_9' title='bbox 552 475 697 522; x_wconf 72' lang='lat' dir='ltr'><strong>saniant</strong></span> <span class='ocrx_word' id='word_1_10' title='bbox 723 475 766 521; x_wconf 78' lang='lat' dir='ltr'><strong>nr</strong></span> <span class='ocrx_word' id='word_1_11' title='bbox 792 473 914 522; x_wconf 78' lang='lat' dir='ltr'><strong>cans1s</strong></span> <span class='ocrx_word' id='word_1_12' title='bbox 940 475 1146 524; x_wconf 80' lang='lat' dir='ltr'><strong>atoaroanrr</strong></span> 
     </span>
    </p>
   </div>
   <div class='ocr_carea' id='block_1_3' title="bbox 264 587 1363 3499">
    <p class='ocr_par' dir='ltr' id='par_1_6' title="bbox 264 583 1363 3499">
     <span class='ocr_line' id='line_1_7' title="bbox 316 587 1312 685; baseline -0.001 -24"><span class='ocrx_word' id='word_1_13' title='bbox 316 605 358 661; x_wconf 89' lang='lat' dir='ltr'><strong>ut</strong></span> <span class='ocrx_word' id='word_1_14' title='bbox 375 589 605 660; x_wconf 85' lang='lat' dir='ltr'><strong>intermediis</strong></span> <span class='ocrx_word' id='word_1_15' title='bbox 627 588 761 660; x_wconf 87' lang='lat' dir='ltr'><strong>diebus</strong></span> <span class='ocrx_word' id='word_1_16' title='bbox 782 587 883 658; x_wconf 88' lang='lat' dir='ltr'><strong>haud</strong></span> <span class='ocrx_word' id='word_1_17' title='bbox 902 590 1061 685; x_wconf 87' lang='lat' dir='ltr'><strong>amplius</strong></span> <span class='ocrx_word' id='word_1_18' title='bbox 1083 587 1312 678; x_wconf 78' lang='lat' dir='ltr'><strong>afficeretur,</strong></span> 
     </span>
     <span class='ocr_line' id='line_1_8' title="bbox 316 705 1363 804; baseline 0.002 -26"><span class='ocrx_word' id='word_1_19' title='bbox 316 707 438 778; x_wconf 83' lang='lat' dir='ltr'><strong>donec</strong></span> <span class='ocrx_word' id='word_1_20' title='bbox 456 707 505 778; x_wconf 89' lang='lat' dir='ltr'><strong>ob</strong></span> <span class='ocrx_word' id='word_1_21' title='bbox 529 709 686 804; x_wconf 89' lang='lat' dir='ltr'><strong>parcum</strong></span> <span class='ocrx_word' id='word_1_22' title='bbox 707 721 836 802; x_wconf 89' lang='lat' dir='ltr'><strong>potum</strong></span> <span class='ocrx_word' id='word_1_23' title='bbox 862 722 899 776; x_wconf 87' lang='lat' dir='ltr'><strong>et</strong></span> <span class='ocrx_word' id='word_1_24' title='bbox 926 707 1115 802; x_wconf 85' lang='lat' dir='ltr'><strong>ingentem</strong></span> <span class='ocrx_word' id='word_1_25' title='bbox 1144 705 1311 778; x_wconf 86' lang='lat' dir='ltr'><strong>humoris</strong></span> <span class='ocrx_word' id='word_1_26' title='bbox 1362 719 1363 780; x_wconf 62' lang='lat' dir='ltr'><strong>l</strong></span> 
     </span>
     <span class='ocr_line' id='line_1_9' title="bbox 313 823 1310 921; baseline 0.002 -28"><span class='ocrx_word' id='word_1_27' title='bbox 313 825 620 921; x_wconf 71' lang='lat' dir='ltr'><strong>vima&#39;sanguine</strong></span> <span class='ocrx_word' id='word_1_28' title='bbox 645 823 853 909; x_wconf 83' lang='lat' dir='ltr'>exclusam,</span> <span class='ocrx_word' id='word_1_29' title='bbox 872 824 988 893; x_wconf 71' lang='lat' dir='ltr'><strong>urinae</strong></span> <span class='ocrx_word' id='word_1_30' title='bbox 1015 823 1178 920; x_wconf 76' lang='lat' dir='ltr'><strong>(lenique</strong></span> <span class='ocrx_word' id='word_1_31' title='bbox 1208 840 1310 896; x_wconf 87' lang='lat' dir='ltr'><strong>tanto</strong></span> 
     </span>
     <span class='ocr_line' id='line_1_10' title="bbox 315 939 1363 1026; baseline 0.002 -16"><span class='ocrx_word' id='word_1_32' title='bbox 315 943 477 1013; x_wconf 78' lang='lat' dir='ltr'><strong>acriores</strong></span> <span class='ocrx_word' id='word_1_33' title='bbox 493 939 595 1012; x_wconf 83' lang='lat' dir='ltr'><strong>factae</strong></span> <span class='ocrx_word' id='word_1_34' title='bbox 614 944 704 1026; x_wconf 88' lang='lat' dir='ltr'><strong>sint,</strong></span> <span class='ocrx_word' id='word_1_35' title='bbox 721 955 763 1010; x_wconf 92' lang='lat' dir='ltr'><strong>ut</strong></span> <span class='ocrx_word' id='word_1_36' title='bbox 777 941 836 1010; x_wconf 89' lang='lat' dir='ltr'><strong>vel</strong></span> <span class='ocrx_word' id='word_1_37' title='bbox 847 939 1031 1011; x_wconf 88' lang='lat' dir='ltr'><strong>-hebetem</strong></span> <span class='ocrx_word' id='word_1_38' title='bbox 1048 941 1206 1012; x_wconf 90' lang='lat' dir='ltr'><strong>vesicam</strong></span> <span class='ocrx_word' id='word_1_39' title='bbox 1222 967 1310 1012; x_wconf 89' lang='lat' dir='ltr'><strong>non·</strong></span> <span class='ocrx_word' id='word_1_40' title='bbox 1362 953 1363 982; x_wconf 52' lang='lat' dir='ltr'><strong>l</strong></span> 
     </span>
     <span class='ocr_line' id='line_1_11' title="bbox 314 1057 1310 1157; baseline 0.001 -29"><span class='ocrx_word' id='word_1_41' title='bbox 314 1057 411 1128; x_wconf 87' lang='lat' dir='ltr'><strong>nihil</strong></span> <span class='ocrx_word' id='word_1_42' title='bbox 428 1059 692 1155; x_wconf 85' lang='lat' dir='ltr'><strong>percellerent,</strong></span> <span class='ocrx_word' id='word_1_43' title='bbox 711 1082 788 1154; x_wconf 89' lang='lat' dir='ltr'><strong>quo</strong></span> <span class='ocrx_word' id='word_1_44' title='bbox 804 1073 978 1156; x_wconf 87' lang='lat' dir='ltr'><strong>tempore</strong></span> <span class='ocrx_word' id='word_1_45' title='bbox 1001 1061 1111 1129; x_wconf 89' lang='lat' dir='ltr'><strong>etiam</strong></span> <span class='ocrx_word' id='word_1_46' title='bbox 1132 1061 1310 1157; x_wconf 85' lang='lat' dir='ltr'><strong>coeperint</strong></span> 
     </span>
     <span class='ocr_line' id='line_1_12' title="bbox 315 1173 1194 1272; baseline 0 -26"><span class='ocrx_word' id='word_1_47' title='bbox 315 1173 476 1272; x_wconf 81' lang='lat' dir='ltr'><strong>aliquam</strong></span> <span class='ocrx_word' id='word_1_48' title='bbox 496 1174 649 1246; x_wconf 81' lang='lat' dir='ltr'><strong>hicillic</strong></span> <span class='ocrx_word' id='word_1_49' title='bbox 670 1175 708 1244; x_wconf 91' lang='lat' dir='ltr'><strong>in</strong></span> <span class='ocrx_word' id='word_1_50' title='bbox 727 1199 769 1245; x_wconf 90' lang='lat' dir='ltr'><strong>ea</strong></span> <span class='ocrx_word' id='word_1_51' title='bbox 790 1174 1001 1272; x_wconf 85' lang='lat' dir='ltr'><strong>phlogosim</strong></span> <span class='ocrx_word' id='word_1_52' title='bbox 1024 1177 1194 1247; x_wconf 87' lang='lat' dir='ltr'><strong>excitare.</strong></span> 
     </span>
     <span class='ocr_line' id='line_1_13' title="bbox 368 1290 1308 1389; baseline 0 -27"><span class='ocrx_word' id='word_1_53' title='bbox 368 1293 421 1364; x_wconf 89' lang='lat'><strong>16.</strong></span> <span class='ocrx_word' id='word_1_54' title='bbox 444 1293 554 1383; x_wconf 88' lang='lat' dir='ltr'><strong>Quod</strong></span> <span class='ocrx_word' id='word_1_55' title='bbox 576 1293 624 1379; x_wconf 81' lang='lat' dir='ltr'><strong>si,</strong></span> <span class='ocrx_word' id='word_1_56' title='bbox 645 1307 688 1362; x_wconf 89' lang='lat' dir='ltr'><strong>ut</strong></span> <span class='ocrx_word' id='word_1_57' title='bbox 713 1290 946 1389; x_wconf 84' lang='lat' dir='ltr'><strong>phlogosim‚</strong></span> <span class='ocrx_word' id='word_1_58' title='bbox 965 1295 1176 1365; x_wconf 89' lang='lat' dir='ltr'><strong>erosionem</strong></span> <span class='ocrx_word' id='word_1_59' title='bbox 1199 1292 1308 1363; x_wconf 87' lang='lat' dir='ltr'><strong>ullam</strong></span> 
     </span>
     <span class='ocr_line' id='line_1_14' title="bbox 315 1405 1309 1506; baseline 0.001 -28"><span class='ocrx_word' id='word_1_60' title='bbox 315 1411 354 1479; x_wconf 90' lang='lat' dir='ltr'><strong>in</strong></span> <span class='ocrx_word' id='word_1_61' title='bbox 372 1411 501 1481; x_wconf 79' lang='lat' dir='ltr'><strong>vesicae</strong></span> <span class='ocrx_word' id='word_1_62' title='bbox 520 1411 649 1480; x_wconf 89' lang='lat' dir='ltr'><strong>intima</strong></span> <span class='ocrx_word' id='word_1_63' title='bbox 661 1405 753 1479; x_wconf 81' lang='lat' dir='ltr'><strong>facie</strong></span> <span class='ocrx_word' id='word_1_64' title='bbox 773 1412 1071 1506; x_wconf 81' lang='lat' dir='ltr'><strong>conspexissem,</strong></span> <span class='ocrx_word' id='word_1_65' title='bbox 1091 1415 1217 1482; x_wconf 89' lang='lat' dir='ltr'><strong>minus</strong></span> <span class='ocrx_word' id='word_1_66' title='bbox 1240 1407 1309 1480; x_wconf 84' lang='lat' dir='ltr'><strong>for·</strong></span> 
     </span>
     <span class='ocr_line' id='line_1_15' title="bbox 314 1524 1308 1626; baseline -0.004 -28"><span class='ocrx_word' id='word_1_67' title='bbox 314 1541 411 1600; x_wconf 90' lang='lat' dir='ltr'><strong>tasse</strong></span> <span class='ocrx_word' id='word_1_68' title='bbox 441 1551 614 1626; x_wconf 84' lang='lat' dir='ltr'><strong>grumum</strong></span> <span class='ocrx_word' id='word_1_69' title='bbox 641 1527 746 1596; x_wconf 91' lang='lat' dir='ltr'><strong>illum</strong></span> <span class='ocrx_word' id='word_1_70' title='bbox 777 1524 1148 1606; x_wconf 85' lang='lat' dir='ltr'><strong>membraniformem</strong></span> <span class='ocrx_word' id='word_1_71' title='bbox 1178 1527 1308 1598; x_wconf 81' lang='lat' dir='ltr'><strong>exami·</strong></span> 
     </span>
     <span class='ocr_line' id='line_1_16' title="bbox 314 1643 1363 1746; baseline -0.002 -32"><span class='ocrx_word' id='word_1_72' title='bbox 314 1668 480 1730; x_wconf 89' lang='lat' dir='ltr'><strong>nassem‚</strong></span> <span class='ocrx_word' id='word_1_73' title='bbox 504 1669 641 1741; x_wconf 91' lang='lat' dir='ltr'><strong>quem,</strong></span> <span class='ocrx_word' id='word_1_74' title='bbox 664 1644 704 1712; x_wconf 88' lang='lat' dir='ltr'><strong>in</strong></span> <span class='ocrx_word' id='word_1_75' title='bbox 727 1644 869 1712; x_wconf 81' lang='lat' dir='ltr'><strong>mortui</strong></span> <span class='ocrx_word' id='word_1_76' title='bbox 890 1645 999 1713; x_wconf 86' lang='lat' dir='ltr'><strong>urina</strong></span> <span class='ocrx_word' id='word_1_77' title='bbox 1017 1643 1306 1742; x_wconf 90' lang='lat' dir='ltr'><strong>deprehensum,</strong></span> <span class='ocrx_word' id='word_1_78' title='bbox 1362 1683 1363 1746; x_wconf 40' lang='lat'><em>3</em></span> 
     </span>
     <span class='ocr_line' id='line_1_17' title="bbox 312 1757 1307 1860; baseline -0.003 -28"><span class='ocrx_word' id='word_1_79' title='bbox 312 1761 534 1860; x_wconf 81' lang='lat' dir='ltr'><strong>polyposam</strong></span> <span class='ocrx_word' id='word_1_80' title='bbox 567 1757 850 1831; x_wconf 72' lang='lat' dir='ltr'><strong>&#39;concretionem</strong></span> <span class='ocrx_word' id='word_1_81' title='bbox 886 1785 963 1832; x_wconf 89' lang='lat' dir='ltr'><strong>esse</strong></span> <span class='ocrx_word' id='word_1_82' title='bbox 995 1763 1143 1851; x_wconf 81' lang='lat' dir='ltr'><strong>censui3</strong></span> <span class='ocrx_word' id='word_1_83' title='bbox 1174 1763 1307 1858; x_wconf 88' lang='lat' dir='ltr'><strong>quippe</strong></span> 
     </span>
     <span class='ocr_line' id='line_1_18' title="bbox 314 1855 1363 1976; baseline -0.003 -27"><span class='ocrx_word' id='word_1_84' title='bbox 314 1903 400 1950; x_wconf 88' lang='lat' dir='ltr'><strong>cum</strong></span> <span class='ocrx_word' id='word_1_85' title='bbox 415 1905 460 1950; x_wconf 84' lang='lat' dir='ltr'><strong>ex</strong></span> <span class='ocrx_word' id='word_1_86' title='bbox 479 1877 634 1948; x_wconf 89' lang='lat' dir='ltr'><strong>lamellis</strong></span> <span class='ocrx_word' id='word_1_87' title='bbox 654 1892 745 1947; x_wconf 89' lang='lat' dir='ltr'><strong>tunc</strong></span> <span class='ocrx_word' id='word_1_88' title='bbox 770 1875 905 1948; x_wconf 81' lang='lat' dir='ltr'><strong>laclum</strong></span> <span class='ocrx_word' id='word_1_89' title='bbox 934 1878 1086 1948; x_wconf 87' lang='lat' dir='ltr'><strong>credere</strong></span> <span class='ocrx_word' id='word_1_90' title='bbox 1110 1881 1306 1976; x_wconf 87' lang='lat' dir='ltr'><strong>potuissem</strong></span> <span class='ocrx_word' id='word_1_91' title='bbox 1362 1855 1363 1900; x_wconf 71' lang='lat' dir='ltr'><strong>l</strong></span> 
     </span>
     <span class='ocr_line' id='line_1_19' title="bbox 314 1992 1305 2092; baseline -0.003 -25"><span class='ocrx_word' id='word_1_92' title='bbox 314 2021 359 2067; x_wconf 86' lang='lat' dir='ltr'><strong>ex</strong></span> <span class='ocrx_word' id='word_1_93' title='bbox 375 1997 553 2066; x_wconf 85' lang='lat' dir='ltr'><strong>interiore</strong></span> <span class='ocrx_word' id='word_1_94' title='bbox 570 1992 788 2065; x_wconf 87' lang='lat' dir='ltr'><strong>membrana</strong></span> <span class='ocrx_word' id='word_1_95' title='bbox 805 1995 997 2082; x_wconf 82' lang='lat' dir='ltr'><strong>deciduis3</strong></span> <span class='ocrx_word' id='word_1_96' title='bbox 1018 2021 1142 2092; x_wconf 90' lang='lat' dir='ltr'><strong>neque</strong></span> <span class='ocrx_word' id='word_1_97' title='bbox 1156 1997 1305 2067; x_wconf 89' lang='lat' dir='ltr'><strong>enimeo</strong></span> 
     </span>
     <span class='ocr_line' id='line_1_20' title="bbox 311 2111 1305 2209; baseline -0.002 -27"><span class='ocrx_word' id='word_1_98' title='bbox 311 2126 483 2208; x_wconf 86' lang='lat' dir='ltr'><strong>tempore</strong></span> <span class='ocrx_word' id='word_1_99' title='bbox 508 2111 761 2183; x_wconf 88' lang='lat' dir='ltr'><strong>controversia</strong></span> <span class='ocrx_word' id='word_1_100' title='bbox 783 2127 880 2199; x_wconf 89' lang='lat' dir='ltr'><strong>erat,</strong></span> <span class='ocrx_word' id='word_1_101' title='bbox 903 2137 1016 2209; x_wconf 91' lang='lat' dir='ltr'><strong>quam</strong></span> <span class='ocrx_word' id='word_1_102' title='bbox 1037 2114 1144 2184; x_wconf 89' lang='lat' dir='ltr'><strong>annis</strong></span> <span class='ocrx_word' id='word_1_103' title='bbox 1161 2113 1305 2184; x_wconf 86' lang='lat' dir='ltr'><strong>demum</strong></span> 
     </span>
     <span class='ocr_line' id='line_1_21' title="bbox 313 2225 1305 2325; baseline -0.002 -25"><span class='ocrx_word' id='word_1_104' title='bbox 313 2225 572 2325; x_wconf 90' lang='lat' dir='ltr'><strong>superioribus</strong></span> <span class='ocrx_word' id='word_1_105' title='bbox 603 2243 724 2298; x_wconf 89' lang='lat' dir='ltr'><strong>ortam</strong></span> <span class='ocrx_word' id='word_1_106' title='bbox 753 2229 899 2315; x_wconf 86' lang='lat' dir='ltr'><strong>audivi,</strong></span> <span class='ocrx_word' id='word_1_107' title='bbox 927 2255 1018 2301; x_wconf 89' lang='lat' dir='ltr'><strong>num</strong></span> <span class='ocrx_word' id='word_1_108' title='bbox 1048 2231 1126 2300; x_wconf 87' lang='lat' dir='ltr'><strong>sine</strong></span> <span class='ocrx_word' id='word_1_109' title='bbox 1158 2230 1305 2302; x_wconf 79' lang='lat' dir='ltr'><strong>haemor·</strong></span> 
     </span>
     <span class='ocr_line' id='line_1_22' title="bbox 312 2341 1363 2444; baseline 0 -30"><span class='ocrx_word' id='word_1_110' title='bbox 312 2341 441 2442; x_wconf 85' lang='lat' dir='ltr'><strong>rhagia</strong></span> <span class='ocrx_word' id='word_1_111' title='bbox 460 2367 539 2414; x_wconf 89' lang='lat' dir='ltr'><strong>non</strong></span> <span class='ocrx_word' id='word_1_112' title='bbox 558 2344 830 2443; x_wconf 89' lang='lat' dir='ltr'><strong>compescenda</strong></span> <span class='ocrx_word' id='word_1_113' title='bbox 858 2346 1027 2417; x_wconf 87' lang='lat' dir='ltr'><strong>accidere</strong></span> <span class='ocrx_word' id='word_1_114' title='bbox 1051 2345 1090 2416; x_wconf 92' lang='lat' dir='ltr'><strong>id</strong></span> <span class='ocrx_word' id='word_1_115' title='bbox 1111 2348 1240 2444; x_wconf 85' lang='lat' dir='ltr'><strong>possit.</strong></span> <span class='ocrx_word' id='word_1_116' title='bbox 1266 2349 1305 2416; x_wconf 81' lang='lat' dir='ltr'><strong>At</strong></span> <span class='ocrx_word' id='word_1_117' title='bbox 1362 2353 1363 2402; x_wconf 74' lang='lat'>1</span> 
     </span>
     <span class='ocr_line' id='line_1_23' title="bbox 311 2462 1302 2566; baseline -0.005 -32"><span class='ocrx_word' id='word_1_118' title='bbox 311 2477 411 2534; x_wconf 88' lang='lat' dir='ltr'><strong>certe</strong></span> <span class='ocrx_word' id='word_1_119' title='bbox 441 2462 625 2556; x_wconf 87' lang='lat' dir='ltr'><strong>ejusmodi</strong></span> <span class='ocrx_word' id='word_1_120' title='bbox 644 2462 913 2560; x_wconf 80' lang='lat' dir='ltr'><strong>haemorrhagia</strong></span> <span class='ocrx_word' id='word_1_121' title='bbox 943 2489 1021 2534; x_wconf 89' lang='lat' dir='ltr'><strong>non</strong></span> <span class='ocrx_word' id='word_1_122' title='bbox 1044 2465 1253 2566; x_wconf 78' lang='lat' dir='ltr'><strong>contigerat</strong></span> <span class='ocrx_word' id='word_1_123' title='bbox 1269 2463 1302 2530; x_wconf 88' lang='lat' dir='ltr'><strong>in</strong></span> 
     </span>
     <span class='ocr_line' id='line_1_24' title="bbox 310 2569 1363 2678; baseline -0.001 -29"><span class='ocrx_word' id='word_1_124' title='bbox 310 2593 502 2666; x_wconf 88' lang='lat' dir='ltr'><strong>matrona,</strong></span> <span class='ocrx_word' id='word_1_125' title='bbox 530 2604 550 2648; x_wconf 89' lang='lat' dir='ltr'><strong>a</strong></span> <span class='ocrx_word' id='word_1_126' title='bbox 573 2579 727 2650; x_wconf 88' lang='lat' dir='ltr'><strong>Willisio</strong></span> <span class='ocrx_word' id='word_1_127' title='bbox 758 2579 829 2676; x_wconf 78' lang='grc' dir='ltr'><strong>(ι)</strong></span> <span class='ocrx_word' id='word_1_128' title='bbox 858 2569 1082 2668; x_wconf 87' lang='lat' dir='ltr'><strong>memorata,</strong></span> <span class='ocrx_word' id='word_1_129' title='bbox 1111 2605 1195 2678; x_wconf 86' lang='lat' dir='ltr'><strong>quae</strong></span> <span class='ocrx_word' id='word_1_130' title='bbox 1225 2603 1304 2652; x_wconf 89' lang='lat' dir='ltr'><strong>cum</strong></span> <span class='ocrx_word' id='word_1_131' title='bbox 1362 2573 1363 2642; x_wconf 67' lang='grc' dir='ltr'><strong>Ῑ</strong></span> 
     </span>
     <span class='ocr_line' id='line_1_25' title="bbox 310 2695 1304 2794; baseline -0.001 -27"><span class='ocrx_word' id='word_1_132' title='bbox 310 2695 423 2794; x_wconf 85' lang='lat' dir='ltr'><strong>longe</strong></span> <span class='ocrx_word' id='word_1_133' title='bbox 454 2696 546 2766; x_wconf 88' lang='lat' dir='ltr'><strong>ante&#39;</strong></span> <span class='ocrx_word' id='word_1_134' title='bbox 570 2695 714 2767; x_wconf 92' lang='lat' dir='ltr'><strong>obitum</strong></span> <span class='ocrx_word' id='word_1_135' title='bbox 745 2722 790 2767; x_wconf 85' lang='lat' dir='ltr'><strong>ex</strong></span> <span class='ocrx_word' id='word_1_136' title='bbox 821 2696 975 2768; x_wconf 90' lang='lat' dir='ltr'><strong>urethra</strong></span> <span class='ocrx_word' id='word_1_137' title='bbox 1000 2695 1168 2793; x_wconf 83' lang='lat' dir='ltr'><strong>ejecisset</strong></span> <span class='ocrx_word' id='word_1_138' title='bbox 1201 2709 1304 2770; x_wconf 75' lang='lat' dir='ltr'><strong>mem-</strong></span> 
     </span>
     <span class='ocr_line' id='line_1_26' title="bbox 309 2814 1363 2912; baseline -0.003 -28"><span class='ocrx_word' id='word_1_139' title='bbox 309 2815 470 2885; x_wconf 82' lang='lat' dir='ltr'><strong>branam</strong></span> <span class='ocrx_word' id='word_1_140' title='bbox 480 2839 641 2884; x_wconf 81' lang='lat' dir='ltr'><strong>crassam</strong></span> <span class='ocrx_word' id='word_1_141' title='bbox 657 2830 771 2912; x_wconf 80' lang='lat' dir='ltr'><strong>atque</strong></span> <span class='ocrx_word' id='word_1_142' title='bbox 789 2814 924 2902; x_wconf 83' lang='lat' dir='ltr'><strong>latam,</strong></span> <span class='ocrx_word' id='word_1_143' title='bbox 954 2821 1111 2886; x_wconf 80' lang='lat' dir='ltr'><strong>materia</strong></span> <span class='ocrx_word' id='word_1_144' title='bbox 1135 2816 1304 2888; x_wconf 82' lang='lat' dir='ltr'><strong>sabulosa</strong></span> <span class='ocrx_word' id='word_1_145' title='bbox 1362 2847 1363 2896; x_wconf 69' lang='lat'><em>3</em></span> 
     </span>
     <span class='ocr_line' id='line_1_27' title="bbox 307 2932 1363 3022; baseline -0.001 -22"><span class='ocrx_word' id='word_1_146' title='bbox 307 2933 516 3022; x_wconf 78' lang='lat' dir='ltr'><strong>refertam5</strong></span> <span class='ocrx_word' id='word_1_147' title='bbox 546 2956 566 3001; x_wconf 92' lang='lat' dir='ltr'><strong>e</strong></span> <span class='ocrx_word' id='word_1_148' title='bbox 597 2932 984 3004; x_wconf 85' lang='lat' dir='ltr'><strong>cadaverissectione</strong></span> <span class='ocrx_word' id='word_1_149' title='bbox 1014 2933 1182 3004; x_wconf 90' lang='lat' dir='ltr'><strong>constitit</strong></span> <span class='ocrx_word' id='word_1_150' title='bbox 1211 2933 1303 3003; x_wconf 89' lang='lat' dir='ltr'><strong>illam</strong></span> <span class='ocrx_word' id='word_1_151' title='bbox 1362 2941 1363 3010; x_wconf 52' lang='grc' dir='ltr'>ἰ</span> 
     </span>
     <span class='ocr_line' id='line_1_28' title="bbox 299 3029 1363 3146; baseline -0.002 -28"><span class='ocrx_word' id='word_1_152' title='bbox 299 3050 424 3138; x_wconf 79' lang='lat' dir='ltr'><strong>fuisse</strong></span> <span class='ocrx_word' id='word_1_153' title='bbox 434 3063 589 3146; x_wconf 83' lang='lat' dir='ltr'><strong>partem</strong></span> <span class='ocrx_word' id='word_1_154' title='bbox 609 3054 743 3119; x_wconf 82' lang='lat' dir='ltr'><strong>tanicae</strong></span> <span class='ocrx_word' id='word_1_155' title='bbox 760 3053 942 3120; x_wconf 76' lang='lat' dir='ltr'><strong>interioris</strong></span> <span class='ocrx_word' id='word_1_156' title='bbox 957 3055 1112 3122; x_wconf 73' lang='lat' dir='ltr'><strong>vesicae:</strong></span> <span class='ocrx_word' id='word_1_157' title='bbox 1126 3064 1169 3120; x_wconf 92' lang='lat' dir='ltr'><strong>ut</strong></span> <span class='ocrx_word' id='word_1_158' title='bbox 1186 3071 1303 3146; x_wconf 91' lang='lat' dir='ltr'><strong>neque</strong></span> <span class='ocrx_word' id='word_1_159' title='bbox 1362 3029 1363 3090; x_wconf 70' lang='lat' dir='ltr'><strong>l</strong></span> 
     </span>
     <span class='ocr_line' id='line_1_29' title="bbox 307 3163 1303 3263; baseline 0.001 -29"><span class='ocrx_word' id='word_1_160' title='bbox 307 3179 437 3262; x_wconf 90' lang='lat' dir='ltr'><strong>postea</strong></span> <span class='ocrx_word' id='word_1_161' title='bbox 454 3165 611 3262; x_wconf 84' lang='lat' dir='ltr'><strong>contigit</strong></span> <span class='ocrx_word' id='word_1_162' title='bbox 624 3166 666 3234; x_wconf 88' lang='lat' dir='ltr'><strong>in</strong></span> <span class='ocrx_word' id='word_1_163' title='bbox 684 3163 831 3236; x_wconf 84' lang='lat' dir='ltr'><strong>leminis</strong></span> <span class='ocrx_word' id='word_1_164' title='bbox 845 3164 1011 3252; x_wconf 84' lang='lat' dir='ltr'><strong>duabus,</strong></span> <span class='ocrx_word' id='word_1_165' title='bbox 1031 3191 1194 3263; x_wconf 89' lang='lat' dir='ltr'><strong>quaeper</strong></span> <span class='ocrx_word' id='word_1_166' title='bbox 1207 3186 1303 3240; x_wconf 86' lang='lat' dir='ltr'><strong>eum·</strong></span> 
     </span>
     <span class='ocr_line' id='line_1_30' title="bbox 264 3281 1302 3383; baseline -0.002 -31"><span class='ocrx_word' id='word_1_167' title='bbox 264 3375 266 3378; x_wconf 15' lang='grc' dir='ltr'>Ι</span> <span class='ocrx_word' id='word_1_168' title='bbox 308 3281 395 3353; x_wconf 88' lang='lat' dir='ltr'><strong>dem</strong></span> <span class='ocrx_word' id='word_1_169' title='bbox 428 3297 591 3354; x_wconf 90' lang='lat' dir='ltr'><strong>meatum</strong></span> <span class='ocrx_word' id='word_1_170' title='bbox 622 3281 784 3378; x_wconf 83' lang='lat' dir='ltr'><strong>amplam</strong></span> <span class='ocrx_word' id='word_1_171' title='bbox 813 3281 1070 3354; x_wconf 84' lang='lat' dir='ltr'><strong>membranam</strong></span> <span class='ocrx_word' id='word_1_172' title='bbox 1099 3284 1302 3383; x_wconf 84' lang='lat' dir='ltr'><strong>ejecerunt,</strong></span> 
     </span>
     <span class='ocr_line' id='line_1_31' title="bbox 308 3398 1363 3499; baseline 0.002 -31"><span class='ocrx_word' id='word_1_173' title='bbox 308 3398 355 3470; x_wconf 86' lang='lat' dir='ltr'><strong>ab</strong></span> <span class='ocrx_word' id='word_1_174' title='bbox 380 3399 568 3496; x_wconf 88' lang='lat' dir='ltr'><strong>Ruyschio</strong></span> <span class='ocrx_word' id='word_1_175' title='bbox 591 3398 644 3493; x_wconf 80' lang='lat'><strong>(2)</strong></span> <span class='ocrx_word' id='word_1_176' title='bbox 665 3413 701 3469; x_wconf 90' lang='lat' dir='ltr'><strong>et</strong></span> <span class='ocrx_word' id='word_1_177' title='bbox 719 3398 950 3470; x_wconf 83' lang='lat' dir='ltr'><strong>Boerhaavio</strong></span> <span class='ocrx_word' id='word_1_178' title='bbox 970 3399 1025 3494; x_wconf 82' lang='lat'><strong>(3)</strong></span> <span class='ocrx_word' id='word_1_179' title='bbox 1050 3417 1301 3499; x_wconf 86' lang='lat' dir='ltr'><strong>perspectam,</strong></span> <span class='ocrx_word' id='word_1_180' title='bbox 1362 3405 1363 3482; x_wconf 66' lang='lat' dir='ltr'><strong>l</strong></span> 
     </span>
    </p>
   </div>
   <div class='ocr_carea' id='block_1_4' title="bbox 344 3788 959 3982">
    <p class='ocr_par' dir='ltr' id='par_1_7' title="bbox 344 3743 1363 4066">
     <span class='ocr_line' id='line_1_32' title="bbox 345 3788 959 3867; baseline -0.096 -1"><span class='ocrx_word' id='word_1_181' title='bbox 345 3792 389 3867; x_wconf 83' lang='lat'><strong>(1)</strong></span> <span class='ocrx_word' id='word_1_182' title='bbox 409 3793 486 3848; x_wconf 84' lang='lat' dir='ltr'><strong>Diss.</strong></span> <span class='ocrx_word' id='word_1_183' title='bbox 504 3791 540 3847; x_wconf 88' lang='lat' dir='ltr'><strong>de</strong></span> <span class='ocrx_word' id='word_1_184' title='bbox 554 3789 633 3845; x_wconf 88' lang='lat' dir='ltr'><strong>urin.</strong></span> <span class='ocrx_word' id='word_1_185' title='bbox 652 3809 677 3846; x_wconf 81' lang='lat' dir='ltr'><strong>c.</strong></span> <span class='ocrx_word' id='word_1_186' title='bbox 697 3788 725 3844; x_wconf 80' lang='lat'><strong>5,</strong></span> <span class='ocrx_word' id='word_1_187' title='bbox 897 3799 901 3806; x_wconf 83' lang='lat'><strong>·</strong></span> <span class='ocrx_word' id='word_1_188' title='bbox 953 3821 959 3826; x_wconf 37' lang='grc'><strong>,</strong></span> 
     </span>
     <span class='ocr_line' id='line_1_33' title="bbox 344 3903 855 3982; baseline -0.066 -20"><span class='ocrx_word' id='word_1_189' title='bbox 344 3903 389 3982; x_wconf 84' lang='lat' dir='ltr'><strong>(a)</strong></span> <span class='ocrx_word' id='word_1_190' title='bbox 404 3905 535 3960; x_wconf 74' lang='lat' dir='ltr'><strong>&#39;Advers</strong></span> <span class='ocrx_word' id='word_1_191' title='bbox 554 3913 633 3958; x_wconf 88' lang='lat' dir='ltr'><strong>anat.</strong></span> <span class='ocrx_word' id='word_1_192' title='bbox 650 3903 713 3959; x_wconf 87' lang='lat' dir='ltr'><strong>dec.</strong></span> <span class='ocrx_word' id='word_1_193' title='bbox 729 3913 765 3973; x_wconf 67' lang='grc' dir='ltr'><strong>τ’,</strong></span> <span class='ocrx_word' id='word_1_194' title='bbox 779 3924 809 3960; x_wconf 86' lang='lat'><strong>11.</strong></span> <span class='ocrx_word' id='word_1_195' title='bbox 824 3904 855 3978; x_wconf 82' lang='grc'><strong>’9;</strong></span> 
     </span>
    </p>
   </div>
   <div class='ocr_carea' id='block_1_5' title="bbox 310 3993 1267 4096">
    <p class='ocr_par' dir='ltr' id='par_1_8' title="bbox 310 3993 1267 4096">
     <span class='ocr_line' id='line_1_34' title="bbox 310 3993 1267 4096; baseline -0.001 -21"><span class='ocrx_word' id='word_1_196' title='bbox 310 4047 319 4056; x_wconf 87' lang='lat'><strong>-·</strong></span> <span class='ocrx_word' id='word_1_197' title='bbox 344 4018 390 4096; x_wconf 67' lang='lat' dir='ltr'><strong>(a)</strong></span> <span class='ocrx_word' id='word_1_198' title='bbox 409 3993 1267 4094; x_wconf 69' lang='lat' dir='ltr'><strong>Vid.Kochitcit.supraadn.12,deicripninhtstora.</strong></span> 
     </span>
    </p>
   </div>
   <div class='ocr_carea' id='block_1_6' title="bbox 0 0 1378 4674">
    <p class='ocr_par' dir='ltr' id='par_1_9' title="bbox 0 0 1378 4674">
     <span class='ocr_line' id='line_1_35' title="bbox 0 0 1378 4674; baseline 0 1"><span class='ocrx_word' id='word_1_199' title='bbox 0 0 1378 4674; x_wconf 95' lang='lat' dir='ltr'><strong> </strong></span> 
     </span>
    </p>
   </div>
  </div>
 </body>
</html>
