2790 4668
295 395 366 484 446
459 416 505 464 un
531 411 678 462 sturnus
702 413 745 459 rr
771 407 895 458 ernau
920 411 1133 460 nonnornrr

296 533 381 604 dico
398 528 639 602 Cockburnio
658 525 733 622 (1);
753 523 842 598 huic
857 526 974 611 enim,
992 525 1107 595 docto
1125 527 1293 624 alioquin

294 654 394 738 viro,
416 648 473 718 vel
488 659 623 745 praeter
644 643 802 716 modum
821 643 1052 742 perplacuit3
1072 642 1139 714 sed
1158 667 1294 743 magno

296 765 526 838 Boerhaavio
546 763 600 857 (2)
627 761 733 848 dicu,
757 775 794 830 et
814 761 949 832 illustri
963 761 1114 838 Hallero
1144 761 1224 856 (3),
1248 761 1297 834 ibi

290 879 819 984 prr'maespecieigonorrlzoeoe
834 877 958 950 eedem
984 877 1297 978 agnoscentibus,
1384 849 1386 966 l

297 1017 334 1073 et
352 999 640 1070 curirritatione
660 998 698 1066 in
720 998 935 1068 erosionem
958 983 1112 1068 demum
1133 995 1296 1070 abeunte
1384 1014 1387 1132 4

298 1119 489 1216 spongiosi
503 1114 861 1212 urethraecorporis,
873 1114 949 1185 sola
971 1111 1194 1185 membrana
1213 1139 1233 1184 a
1251 1139 1300 1185 ca·

297 1234 467 1306 nalicnlis
499 1231 625 1320 divisi,
650 1255 728 1301 non
757 1255 844 1302 raro
870 1233 1022 1329 sanguis
1053 1231 1134 1330 ipse
1165 1229 1297 1307 effluat.
1387 1176 1388 1268 l

224 1347 247 1439 ἦ
296 1352 485 1424 Placuitet
502 1351 591 1421 viris
603 1347 953 1420 aliiseruditissimis
971 1347 1196 1422 cellularum
1215 1349 1301 1422 mul·
1388 1340 1389 1412 l

189 1505 191 1512 v
299 1469 477 1569 ciplicr'um
492 1469 645 1546 nominc
661 1467 888 1538 canaliculos
902 1465 1302 1567 designantibus,qui
1389 1502 1390 1552 r

296 1587 458 1660 buscum
480 1602 624 1670 tamen,
647 1583 748 1654 haud
780 1583 865 1656 satis
893 1585 1080 1684 intelligo,
1104 1586 1299 1684 quomodo

297 1705 418 1776 Littrii
435 1727 588 1804 quoque
617 1701 830 1800 glandulam
861 1703 1212 1801 comprehendant,
1243 1721 1301 1774 aut

297 1821 492 1919 quomodo
516 1820 586 1918 ipsi
608 1820 673 1916 qui
695 1819 921 1890 canaliculos
942 1845 1137 1918 nunquam
1160 1847 1300 1894 memo·
1391 1828 1392 1870 l

296 1941 415 2026 ravit,
434 1939 571 2009 horum
597 1938 727 2026 etiam,
754 1937 793 2006 in
810 1937 1040 2035 gonorrhoea
1056 1939 1154 2010 male
1182 1965 1222 2012 se
1239 1939 1297 2010 ha·

289 2039 487 2143 bertium,
531 2055 832 2126 observationem
877 2021 1054 2127 tribuerel
1081 2057 1300 2148 videantur,

298 2173 405 2271 quasi
427 2199 469 2244 ea
490 2175 528 2242 in
549 2174 828 2244 commentariis
844 2173 1033 2270 legeretur
1048 2175 1159 2270 regiae
1180 2176 1299 2246 Scien-

297 2292 433 2384 tiarum
451 2289 654 2388 Academiae
676 2291 889 2361 Parisiensis
906 2313 1006 2362 amm
1027 2313 1130 2388 1711.
1153 2293 1212 2363 De
1231 2317 1300 2362 mn·

298 2407 428 2490 liebris
449 2423 572 2479 autern
589 2406 750 2478 urethrae
771 2407 1001 2495 canaliculis,
1024 2407 1103 2478 non
1127 2433 1239 2482 secus
1264 2433 1299 2479 ac

297 2528 337 2596 in
353 2526 482 2596 virilia
500 2551 559 2596 me
578 2524 774 2622 descriptis
789 2524 869 2621 (A),
899 2539 935 2606 et
958 2524 1004 2596 de
1020 2525 1195 2598 sebaceis
1216 2551 1300 2628 quas

297 2646 386 2720 item
415 2646 557 2742 reperi,
589 2641 861 2742 nympharum,
885 2643 1233 2742 proximorumque
1257 2645 1300 2715 la-

296 2763 447 2838 biorum
469 2760 656 2860 glandulis
671 2761 746 2858 (5),
771 2785 932 2858 quarum
952 2755 1029 2833 has'
1042 2760 1116 2832 hoc
1134 2763 1222 2859 ipso
1241 2787 1301 2832 no

297 2883 418 2958 mine,
446 2879 532 2950 illos
548 2879 769 2948 cellularum
791 2879 1042 2978 appellatione
1061 2877 1300 2976 significant,

297 2998 411 3072 verba
433 2995 495 3066 hic
534 3021 611 3067 nou
638 2994 769 3066 faciam
797 3012 996 3096 propterea
1037 2997 1125 3092 quia
1156 3021 1244 3069 cum
1266 2999 1299 3067 in

297 3115 474 3196 mulieres
490 3113 686 3186 inciderim
702 3137 904 3214 nunquam-
916 3137 996 3211 quae
1017 3125 1118 3185 certa
1138 3115 1299 3212 quadam

297 3237 481 3312 exteriore
502 3230 729 3330 gonorrhoen
750 3231 985 3320 laborarent,
1007 3247 1187 3304 aureum
1213 3235 1301 3304 inte·

308 3601 311 3608 ·
337 3566 382 3644 (r)
402 3567 465 3624 The
476 3569 661 3640 symptom's,
677 3578 732 3622 etc.
746 3567 808 3622 ola
821 3565 1024 3638 Gonorrhoea,
1041 3564 1087 3624 ch.
1103 3577 1129 3636 4.

337 3662 381 3744 (a)
402 3666 532 3721 Praeleel.
549 3665 587 3721 ad
599 3665 696 3720 lnslit.
713 3663 809 3734 5654.

335 3765 381 3842 (Β)
402 3766 505 3820 Notai
520 3765 557 3820 ad
569 3783 636 3820 enm
648 3767 761 3834 locum,
775 3777 803 3820 et
815 3768 920 3824 noted
934 3767 972 3832 ad
987 3771 1002 3838 §
1016 3765 1084 3836 657,

340 3862 383 3944 (4)
406 3864 530 3921 Advers.
550 3871 581 3934 4,
595 3865 722 3922 animad.
740 3872 787 3931 αἱ..

339 3965 384 4051 (⁵)
405 3964 529 4019 Advers.
547 3983 575 4034 1,
594 3981 623 4019 n.
647 3983 677 4020 11
694 3977 723 4021 et
741 3983 785 4034 ¹2·
