2790 4668
297 372 368 462 448
465 393 511 442 nr
537 391 682 440 sturnus
706 394 750 440 m
775 383 900 442 causta
925 393 1133 446 nonnonun
1178 424 1207 450 ,.

243 515 250 522 ’
297 509 397 580 dere.
416 511 497 578 Huc
514 521 590 576 tota
612 505 764 576 celebris
787 504 831 578 lis
857 505 920 578 illa
939 509 1082 580 recidit.
1104 512 1215 586 Hisce
1237 540 1296 586 ex·
1391 493 1392 568 Ῠ

295 624 497 702 terioribns
511 622 747 722 gonorrhoeis
764 623 884 695 mutto
899 628 1020 696 rarior
1031 626 1094 714 illa
1113 645 1168 700 est
1185 655 1296 728 quam

295 743 410 830 vidit,
432 743 650 837 curavitque
673 740 717 811 cl.
738 738 909 840 Wolffius
933 742 997 838 (ι).
1027 749 1176 816 Humor
1198 749 1296 818 enim

297 861 342 934 eii
354 860 507 932 urethra
527 857 735 930 destillabat
755 864 887 930 semini
908 860 1110 958 analogias,
1130 866 1296 961 primum

296 979 421 1068 albus,
441 978 528 1052 dein
551 975 678 1074 viridis
696 974 830 1064 tactus,
848 1001 935 1048 cum
956 981 1125 1072 maximis
1147 983 1189 1054 in
1204 983 1298 1056 min.

298 1095 423 1195 gendo
440 1093 654 1179 doloribus,
679 1109 715 1164 et
732 1095 839 1191 penis
856 1095 1136 1184 incurvatione,
1160 1123 1234 1176 nec
1247 1115 1298 1170 ta-
1392 1161 1393 1174 ,

297 1238 384 1284 men
406 1195 592 1310 irflpuram
616 1236 808 1299 venerem,
835 1212 912 1282 imo
934 1211 1076 1283 nullam
1096 1239 1298 1302 venerem,

297 1331 483 1418 sedalias,
503 1353 597 1427 quas
613 1343 827 1416 enumerat,
845 1353 973 1402 causas
991 1345 1070 1402 erat
1082 1331 1145 1402 illa
1169 1357 1300 1430 gonor-

296 1447 402 1522 rhoea
419 1461 640 1532 consecuta,
658 1444 762 1543 quod
777 1462 814 1516 et
830 1446 892 1518 ille
914 1464 1120 1538 asseverat,
1142 1453 1298 1548 etipsa,

296 1583 338 1642 ut
359 1567 602 1664 Hippocrates
629 1562 687 1660 (a)
717 1563 905 1660 loquitur,
939 1565 1101 1652 ostendit
1126 1573 1298 1654 sanatib,

297 1683 402 1758 facile
424 1684 622 1766 nimirum,
646 1695 682 1750 et
706 1681 780 1752 cito
802 1704 870 1776 per
887 1681 971 1752 data
994 1683 1162 1755 remedia
1186 1685 1298 1756 obve-

296 1803 424 1888 nienS,
443 1826 525 1898 quae
545 1800 664 1872 causis
691 1798 764 1874 illis
785 1814 890 1870 erant
912 1801 1095 1896 opposita.
1119 1801 1196 1872 Sed
1217 1802 1297 1888 hac,

297 1937 334 1992 et
359 1917 585 2019 gonorrhoea
605 1941 686 2013 quae
713 1915 827 2012 vulgo
845 1914 982 1988 dicitur
1004 1923 1118 2005 sicca,
1140 1920 1239 2008 sive,
1262 1936 1298 1991 ut

296 2039 448 2136 proprie
468 2038 677 2130 essetjuxta
695 2034 761 2104 cel.
778 2035 937 2104 Astrucii
958 2032 1013 2131 (3)
1025 2036 1219 2108 monitum
1238 2063 1296 2136 ap·

295 2153 486 2253 pellenda,
519 2150 669 2246 dysuria
696 2173 855 2224 venerea
884 2151 999 2238 sicca,
1018 2155 1295 2247 praetermissis,

295 2269 442 2341 adeam
458 2293 545 2366 fluae
563 2264 863 2364 frequentissima
882 2280 959 2354 est,
984 2282 1020 2338 et
1042 2268 1089 2338 de
1111 2294 1191 2365 qna
1211 2273 1295 2342 scri·

293 2387 392 2460 bere
403 2408 651 2484 coeperamus,
665 2403 792 2456 noster
801 2382 1083 2455 contrahendus
1092 2401 1150 2458 est
1160 2410 1293 2458 sermo.

293 2506 414 2604 Igitur
436 2529 517 2602 qnae
548 2502 594 2578 de
619 2501 689 2571 hac
713 2526 782 2598 per
808 2501 1052 2572 dissectiones
1076 2506 1295 2601 conspicere

293 2624 401 2722 potui
414 2647 459 2692 ex
473 2621 517 2692 iis
532 2610 735 2717 cognosces
751 2616 1076 2704 observationibus
1090 2645 1189 2716 quas
1208 2647 1293 2700 coo·

293 2745 400 2816 tinuo
417 2739 634 2835 subjiciam,
664 2737 770 2807 initio
793 2736 908 2807 ducto
931 2762 950 2806 a
968 2736 1206 2833 longiuscula
1226 2741 1292 2812 his·

292 2862 408 2948 toria,
438 2857 501 2930 sed
535 2881 580 2927 eo
610 2856 769 2952 gratiore
800 2852 868 2924 tibi
902 2853 1045 2942 futura,
1071 2857 1184 2951 quod
1214 2883 1292 2930 cum

292 2979 380 3050 alias
399 2977 454 3073 (tt
472 2974 518 3044 de
550 2973 685 3069 angina
706 2972 937 3048 mentionem
970 2971 1102 3066 injeci,
1134 2979 1294 3047 maxime

291 3085 444 3192 questus
476 3115 579 3173 sum,
607 3091 645 3158 in
676 3089 893 3184 grauissimo
927 3083 1113 3184 ejusmodi
1139 3092 1291 3180 morbo,

290 3215 474 3286 sectiones
507 3231 639 3280 eorum
668 3209 734 3304 qui
768 3205 930 3278 consecti
961 3205 1026 3282 illo
1049 3208 1146 3296 siut,
1172 3210 1291 3280 adhuc

290 3322 652 3415 desiderari.„Quod
686 3323 799 3420 igitur
827 3322 885 3394 vel
915 3322 1008 3392 mihi
1034 3337 1125 3394 tunc
1145 3323 1289 3412 deerat,
