2726 4676
298 479 372 551 *292
466 477 513 524 nr
539 475 686 525 sumnus
712 475 756 522 er
782 441 905 524 causis
931 475 1142 526 nonnonuu

300 615 386 662 rum
411 587 551 660 crificia
577 589 697 660 multo
721 612 834 685 quarn
850 590 991 678 solent,
1012 607 1121 662 erunt
1137 593 1285 687 majora:

299 723 466 780 ureteres
484 722 607 777 autern
621 704 791 793 latiores,
810 721 847 777 et
864 730 957 803 pure
972 706 1066 777 adeo
1084 707 1243 796 distenti,
1252 725 1288 778 ut

299 823 438 896 alicubi
451 823 734 896 crassitudinem
747 839 938 920 aequarent
953 823 1110 922 pollicis.
1132 831 1178 896 Et
1193 850 1288 898 renes

298 967 453 1042 quoque
477 938 630 1013 fuerunt
652 965 760 1036 aequo
776 940 981 1038 ampliores
998 955 1035 1012 et
1054 942 1214 1039 turgidi:
1226 942 1289 1040 pal·

280 1060 365 1130 ·lidi
393 1059 576 1130 exterius:
597 1059 699 1128 intus
719 1073 843 1128 autem
877 1058 1122 1155 semiputres,
1142 1075 1179 1130 et
1207 1083 1286 1158 pure

298 1179 450 1248 cinereo
461 1190 652 1248 scatentes.
666 1174 822 1270 Reliqua
839 1175 879 1244 in
897 1175 1076 1248 cadavere
1087 1178 1286 1248 examinare

296 1319 367 1366 nec
383 1317 477 1391 opus
494 1291 656 1379 credidi,
674 1315 743 1362 nec
760 1315 828 1388 per
842 1306 992 1390 tempus
1004 1293 1118 1364 licuit.

347 1437 402 1509 29.
423 1415 557 1482 Raram
574 1410 689 1495 hanc,
710 1423 767 1494 et,
784 1410 814 1480 si
836 1424 977 1482 attente
992 1412 1120 1482 omnia
1139 1436 1286 1511 perpen-

295 1531 382 1618 das,
402 1528 628 1636 singularem
643 1525 797 1598 fortasse
815 1526 1140 1618 observationem,
1159 1533 1286 1627 iuspec-

294 1663 395 1720 tante
412 1643 711 1743 frequentissima
722 1643 979 1716 studiosorum
991 1645 1194 1740 juvenum,
1211 1647 1285 1718 doc-

293 1781 497 1862 torumque
519 1786 660 1834 corona
684 1759 801 1832 habui
818 1765 869 1832 IV
893 1760 965 1833 kat.
992 1759 1213 1836 decembres
1230 1788 1286 1834 an-

293 1885 334 1954 ni
351 1888 455 1980 1742,
473 1880 579 1977 cujus
593 1903 775 1951 summam
792 1879 943 1975 quintili
957 1903 1085 1952 mense
1098 1881 1284 1979 insequen-

292 2003 339 2072 tis
356 2000 446 2070 anni
470 1997 514 2068 cl.
529 1998 611 2066 viro
626 1994 811 2066 Morando
830 2019 899 2093 per
915 1996 1056 2068 litteras
1072 1996 1280 2095 significavi:

293 2117 361 2216 qui
381 2139 467 2186 cum
487 2113 601 2210 Regia
617 2113 678 2184 illa
692 2112 958 2212 chirurgorum
976 2114 1177 2186 Academia
1193 2115 1235 2186 ab
1250 2137 1280 2184 se
1359 2121 1361 2178 ,⁴

291 2233 607 2304 communicatam
628 2253 724 2318 esse,
744 2256 815 2303 nee
835 2230 881 2302 de
904 2231 979 2302 hoc
996 2233 1160 2332 amplius
1186 2230 1279 2330 quid-

286 2375 405 2448 quam
420 2345 524 2444 quod
543 2345 663 2418 adme
678 2350 911 2444 pervenerit,
929 2349 1130 2446 rescripsit.
1151 2345 1279 2448 Signifi-

287 2465 400 2538 candi
417 2481 540 2536 autem
563 2489 673 2537 causa
688 2461 831 2552 fuerat,
853 2480 896 2536 ut
909 2467 940 2537 si
959 2463 1055 2536 forte
1076 2467 1229 2539 Lutetiae
1248 2465 1278 2532 in

290 2583 383 2657 urbe
395 2581 636 2654 multitudine
646 2583 843 2653 hominum
854 2635 864 2671 ,
875 2597 912 2654 et
926 2607 1011 2654 cum
1026 2583 1191 2656 scientiis
1202 2583 1277 2663 aliis,

286 2719 369 2774 tum
386 2715 463 2772 arte
477 2700 517 2802 in
534 2700 667 2797 primis
690 2678 888 2772 exsecandi
915 2700 1079 2772 calculos
1099 2698 1278 2773 celeberri-

284 2845 365 2907 ma,
382 2817 656 2916 ejusdemmodi
675 2842 735 2890 res
755 2815 970 2907 accidisset;
991 2819 1134 2890 certior
1145 2817 1276 2900 fierem,

285 2955 414 3035 etqua
433 2937 578 3008 ratione
598 2933 637 3005 id
655 2933 738 3008 fieri
764 2937 931 3032 potuisse
965 2934 1184 3025 crederent,
1209 2958 1274 3004 non

283 3059 509 3154 ignorarem.
535 3051 819 3148 Ejusdemmodi
840 3077 919 3125 rem
947 3079 1032 3126 cum
1055 3055 1158 3144 dice,
1179 3073 1271 3124 acum

282 3173 452 3270 intelligo
463 3169 631 3267 ejusdem
649 3170 914 3268 longitudinis,
932 3170 1192 3261 firmitudinis,
1203 3193 1270 3241 rec·

280 3291 470 3376 titudinis,
489 3313 532 3360 ac
550 3303 678 3360 nostra
697 3303 772 3377 est;
797 3313 922 3386 neque
950 3291 1049 3360 enim
1071 3288 1268 3360 breviorem

283 3422 348 3479 aut
368 3405 529 3478 flexilem
555 3430 659 3503 aeque
684 3406 823 3478 mirum
851 3420 946 3478 esset
974 3417 1042 3505 per
1059 3409 1173 3480 maris
1196 3429 1266 3476 ure-

280 3524 404 3596 thram
420 3526 459 3592 in
479 3524 640 3596 vesicam
665 3525 889 3622 pervenisse.
918 3529 1097 3622 Legeram
1128 3522 1264 3622 quidem

276 3641 379 3739 apud
388 3645 551 3710 Paraeum
567 3639 641 3735 (r),
657 3640 844 3712 caleulum
858 3667 878 3712 e
891 3641 989 3712 virili
999 3643 1122 3714 vesica
1135 3660 1264 3734 exemp·

306 4017 351 4098 {a}
371 4021 462 4095 Oper.
477 4018 496 4072 l.
512 4025 568 4090 nt,
585 4037 609 4073 c.
627 4035 672 4091 19.
