2790 4668
145 409 211 456 tm.
240 408 295 454 111.
324 408 374 454 nr
400 407 536 456 uorms
551 409 721 474 vaurms,
747 411 858 459 nrrsr.
879 414 967 459 xcv.
997 389 1068 486 509

67 546 110 594 ea
129 519 295 618 denique
313 519 508 610 molestia,
522 522 650 617 ut'jam
663 523 942 596 acerbissimam
956 541 1072 604 stran-

67 640 208 736 guriam
232 638 439 712 induxisset
455 666 465 728 ;
482 639 589 712 alteri
611 655 736 712 autem
761 666 782 712 a
799 639 922 714 ferreo
940 669 1069 742 passo,
1122 655 1124 660 ’

66 756 233 853 quamvis
253 757 513 845 cera,.ut'.ille
544 758 655 830 etiam
680 757 849 856 glomuS,
882 759 1071 851 obducto,

66 875 204 971 vaginae
234 888 270 946 et
297 875 460 972 proximi
490 875 658 966 intestini
689 875 798 947 ulcus
822 893 960 948 ortum.
989 884 1071 952 Huc

66 1016 187 1065 meam
204 990 339 1064 addam
366 991 687 1082 observationem,
712 1017 827 1090 quam
854 998 1001 1070 tametsi
1027 999 1072 1068 li·
1093 1025 1095 1039 ’

67 1110 216 1182 bentius
235 1112 334 1183 inter
358 1109 450 1182 alios
469 1109 516 1181 ad
544 1135 641 1207 quos
661 1112 778 1208 magis
802 1115 951 1203 attinet,
972 1139 1072 1186 mor·

67 1228 136 1300 bos
154 1229 387 1316 retulissem,
407 1229 541 1300 sicum
558 1227 605 1300 de
624 1228 669 1298 iis
683 1227 903 1318 scriberem,
920 1230 1075 1306 habuis-

67 1371 165 1435 sem;
183 1362 347 1420 attamen
365 1346 468 1417 haud
487 1345 734 1420 omittendam
753 1345 826 1418 hoc
835 1347 919 1420 loco
928 1353 1074 1440 censui,

68 1466 209 1562 quippe
226 1463 303 1534 huc
322 1463 638 1536 extrema'saltem
648 1478 759 1562 parte
780 1479 1022 1562 spectantem.

122 1583 173 1654 16.
192 1583 330 1654 Mulier
349 1583 577 1655 consistente
593 1597 717 1670 aetate,
738 1581 923 1654 ‘mediocri
940 1583 1074 1656 habitu
1095 1621 1099 1628 ·

67 1716 105 1772 et
132 1715 293 1788 statura,
317 1700 423 1770 nullo
445 1687 783 1772 alio'ineommodo
818 1703 931 1798 qu'am
958 1717 1078 1773 catar-

69 1819 142 1890 rho
169 1844 190 1890 a
214 1816 341 1916 frigidi
366 1818 461 1896 aeris
484 1817 638 1912 injuria,
670 1817 884 1906 laborabat,
917 1809 1077 1891 eumad

66 1937 173 2010 hunc
191 1937 347 2008 accessit
361 1933 478 2008 febris
496 1935 546 2006 ob
571 1960 684 2034 quam
703 1939 885 2008 continuo
904 1940 943 2007 in
962 1955 1077 2010 noso*

68 2057 234 2130 comium
253 2054 354 2127 illata
369 2069 433 2128 est.
451 2058 567 2126 Acuta
575 2057 675 2126 enim
687 2070 783 2143 erat,
793 2070 830 2126 et
844 2077 928 2126 cum
941 2081 1076 2154 magna

67 2173 237 2274 spirandi
264 2170 504 2261 difficultate,
532 2197 715 2270 genarum
748 2171 910 2262 rubore,
930 2199 1077 2271 permo-

66 2294 162 2369 lesto
179 2294 218 2362 in
235 2291 389 2366 thorace
404 2289 584 2388 ponderis
605 2315 733 2380 sensu,
749 2289 976 2363 duriusculis
996 2294 1091 2390 pul-··

67 2410 173 2484 sibus
190 2410 403 2505 conjuncta.
422 2413 615 2480 Incassum
639 2433 720 2505 quae
741 2409 960 2504 oportebat,
983 2407 1079 2482 facta

68 2527 308 2608 suntomnia.
330 2531 581 2623 Expectorare
592 2580 602 2614 ,
615 2524 654 2595 id
669 2524 773 2621 quod
784 2527 895 2596 unice
906 2526 1078 2622 optabat,

67 2645 168 2717 nihil
188 2660 345 2742 poterat.
376 2642 544 2714 Humiles
569 2658 605 2713 et
634 2643 925 2713 intermittentes
945 2643 1079 2740 pulsus

68 2778 161 2836 sunt
185 2760 292 2851 facti,
320 2763 515 2860 respiratio
546 2754 671 2852 autem
697 2757 860 2832 difficilis
895 2760 1010 2850 adeo,
1037 2777 1079 2834 ut

66 2883 273 2954 novissime
298 2881 422 2977 jacere
449 2905 528 2953 non
555 2893 692 2977 posset.
724 2880 844 2976 Igitur
877 2880 1012 2976 quinto
1033 2907 1081 2952 ex

67 3025 149 3098 quo
168 2997 378 3070 febricitare
400 3012 566 3095 coeperat
580 3021 601 3086 ,·
621 2995 681 3068 die
710 3021 730 3066 e
752 2996 827 3066 vita
856 2997 964 3068 cessit
980 2999 1082 3070 circa·

66 3118 241 3188 medium
271 3118 445 3188 martium
471 3113 683 3212 anni1748.
717 3113 882 3185 Cadaver
902 3113 973 3202 ibi,
1001 3131 1092 3192 stu-.

66 3236 471 3331 diosorumjuve'num
490 3234 632 3331 gratia,
656 3232 870 3331 diligenter,
894 3248 931 3304 et
946 3233 1080 3306 ordine

66 3369 287 3454 persectum
306 3368 370 3424 est.
389 3351 461 3422 Sed
478 3351 540 3421 hic
556 3349 624 3421 tibi
643 3375 725 3446 quae
743 3352 782 3419 in
798 3350 952 3422 thorace
970 3367 1008 3422 et·
1026 3375 1082 3421 ca·

66 3475 150 3572 pite
185 3487 318 3568 praeter
336 3485 523 3540 *naturam
556 3469 787 3556 invenerim,
818 3465 988 3565 primum
1018 3483 1082 3540 ex·

68 3614 229 3688 ponam,
245 3589 320 3660 Etsi
338 3587 538 3684 pulmones
546 3583 706 3682 turgidi,
720 3585 766 3654 ad
780 3584 1083 3682 pleuramcostas

69 3705 358 3803 succingentem
376 3701 452 3774 fere
474 3702 643 3799 ubique,
682 3702 888 3798 praesertim
914 3717 1040 3773 autem
1063 3727 1085 3772 a

69 3826 260 3908 sinistris,
293 3837 392 3893 arcte
428 3819 690 3909 adhaerebant3
725 3844 745 3889 e
780 3819 930 3892 sinistro
959 3836 1086 3890 tamen

69 3941 244 4014 thoracis
270 3965 360 4011 cavo
388 3964 534 4026 serum,
564 3936 710 4035 quoda
738 3961 833 4034 pure
855 3936 1015 4009 admisto
1041 3935 1091 4006 al·
