2726 4676
266 345 339 454 2¹96
432 381 478 428 nr
505 373 654 428 sautans·
675 373 718 426 ετ
744 379 867 428 causis
892 373 1101 430 messenen

268 490 454 566 Cocchius
478 508 514 564 et
532 493 756 581 Benevolus‚
781 495 847 590 qui
866 493 936 566 hac
960 509 1214 583 transeuntes,
1236 495 1282 564 ei
1356 489 1357 494 ’

266 637 328 682 me
342 637 413 709 pro
433 635 499 682 sua
518 611 678 708 quisque
695 609 928 686 humanitate
945 614 1168 700 invisentes,
1184 637 1275 683 rem
1356 613 1357 646 ³

266 727 446 800 viderunt
467 741 504 798 et
528 742 738 825 perattente
762 729 1059 802 considerarunt.
1086 729 1274 826 Equidem

267 847 308 918 in
330 845 515 934 minimis,
534 869 655 943 eoque
671 843 862 919 flexilibus
883 847 1036 920 aciculis
1056 873 1137 918 non
1159 847 1275 916 haere-

266 987 369 1050 rem,
384 962 583 1059 multoque
599 963 724 1034 minus
734 963 773 1032 in
787 965 1016 1036 tenuissimis
1034 963 1197 1036 candelis
1210 988 1276 1034 ce·

266 1081 351 1152 reis.
369 1083 426 1150 De
442 1079 580 1175 quibus
594 1079 625 1150 si
637 1080 737 1177 leges
751 1105 879 1152 casum
892 1127 905 1169 ,ι
917 1095 1102 1178 quantum
1113 1079 1280 1166 videturr

268 1195 463 1284 eulndem,
478 1197 624 1268 tametsi
640 1195 765 1268 verbis
783 1213 838 1270 est
857 1199 938 1270 aliis
953 1199 1088 1296 viginti
1105 1199 1274 1296 quinque

268 1315 474 1412 postannis
489 1315 672 1412 repetitus
686 1313 763 1412 (1);
788 1331 830 1414 ut
849 1331 995 1414 partem
1015 1315 1195 1388 duntaxat
1207 1315 1275 1386 ali-

269 1456 384 1528 quam
400 1433 577 1529 accipias,
596 1433 721 1504 minus
736 1433 952 1521 miraberis,
968 1431 1169 1510 femineam
1183 1434 1274 1504 vesi·

269 1570 351 1621 cam
365 1566 519 1647 repente
533 1574 622 1622 acus
632 1551 672 1620 in
688 1575 726 1622 se
744 1551 912 1640 trahere,
926 1575 1013 1622 cum
1026 1551 1172 1622 virilem
1185 1575 1277 1647 quo-·

270 1692 345 1763 que
356 1668 585 1740 intellexeris
597 1668 721 1738 subito
739 1667 936 1740 candelam
950 1671 1188 1768 absorpsr'rse.
1210 1715 1212 1720 -

309 1785 377 1863 ,30ι
396 1785 509 1875 Quod
535 1810 645 1858 renes
675 1799 712 1856 et
737 1802 906 1858 ureteres
924 1788 964 1856 iu
984 1787 1126 1858 rustico
1147 1801 1272 1858 nostro

269 1904 495 2000 ampliores,
515 1903 667 1998 utrique
702 1919 827 1974 autem
853 1920 977 1976 esseut
1006 1902 1135 1976 referti
1159 1928 1246 2002 pure
1258 1955 1273 1988 ,-

268 2019 348 2093 haec
362 2043 500 2116 nempe
511 2044 597 2091 eum
605 2021 650 2093 iis
662 2037 879 2119 congruunt
892 2048 974 2119 quae
986 2047 1099 2120 supra
1113 2020 1174 2119 (2)
1189 2035 1269 2093 sunt

270 2141 394 2234 posita
421 2153 457 2208 et
480 2137 671 2236 explicata.
700 2139 756 2210 Ab
782 2139 988 2238 eademque
1012 2163 1121 2218 eausa
1139 2195 1148 2228 ‚
1169 2140 1265 2210 urina

252 2254 445 2341 ¹uidelicet
466 2253 517 2326 ob
546 2255 822 2328 acerbissimam
850 2257 1040 2354 dysuriam
1068 2259 1202 2355 saepius
1219 2281 1267 2325 res

269 2388 392 2460 tenta,
410 2397 531 2469 eoque
554 2372 777 2445 debiliorem
795 2375 959 2471 aliquam
977 2375 1108 2446 vesicae
1135 2389 1265 2472 partem

271 2505 483 2562 extrorsum
502 2507 682 2588 urgente,
710 2492 899 2564 saeculum
926 2491 1182 2590 repetendum
1202 2514 1265 2563 esse

271 2609 429 2707 puto'in
456 2629 535 2706 quo
566 2608 731 2682 calculus
766 2607 1013 2704 condebatun
1046 2612 1129 2700 Qua
1156 2635 1214 2680 me
1235 2610 1268 2676 in'

272 2727 453 2824 opinione
464 2741 555 2796 tunc
569 2727 680 2798 etiam
703 2725 816 2800 fuisse
828 2751 915 2798 cum
926 2728 965 2796 in
981 2726 1210 2800 Adversariis
1222 2725 1264 2824 (3)

272 2847 437 2942 primum
457 2845 587 2943 scripsi
613 2844 775 2946 quidde
802 2846 882 2916 istis
911 2844 1067 2916 sacculis
1086 2845 1262 2918 observas·

272 2987 367 3050 sem,
389 2988 432 3032 ex
450 2961 581 3032 iisdem
600 2961 721 3059 probe
741 2963 851 3033 nosti.
871 2965 961 3054 Eam
973 2979 1065 3032 vero
1084 2977 1210 3059 postea
1224 2957 1263 3036 al>¹

182 3068 184 3078 ’
274 3081 355 3151 aliis
374 3105 452 3152 esse
469 3077 728 3150 confirmatam
745 3103 823 3151 non
842 3082 995 3176 ignoro,
1011 3079 1180 3176 exempla
1195 3100 1259 3173 gra-

274 3197 445 3268 vidarum
475 3196 777 3295 proferentibus,
803 3221 963 3295 quarum
992 3197 1116 3268 vesica
1136 3221 1179 3268 ex
1196 3218 1258 3294 gra⁴

272 3316 420 3386 vissima
454 3314 618 3386 ischuria
657 3317 696 3384 in
730 3313 943 3386 istiusmodi
980 3314 1167 3401 sacculos,
1198 3312 1258 3382 sive

273 3429 426 3502 hernias
454 3432 650 3527 quomodo
675 3434 754 3530 ipse
779 3456 934 3530 quoque
952 3455 1187 3516 vocaveram,
1204 3426 1256 3497 alia

310 3728 357 3811 (t)
378 3729 452 3810 Eph.
465 3738 503 3791 N,
517 3740 549 3793 C.
568 3751 645 3795 centa
660 3760 672 3795 1
692 3751 722 3796 et
737 3759 770 3813 a,
787 3742 852 3799 obsi
869 3740 943 3815 1529
958 3751 1053 3798 etant.
1068 3751 1090 3795 t.-
1105 3743 1135 3812 l,
1154 3732 1254 3793 obstl‘

309 3827 355 3913 (a)
375 3837 411 3890 N.
435 3853 472 3892 aa
494 3849 522 3892 et
543 3839 590 3894 23.
719 3832 720 3836 ’

312 3927 355 4012 (3)
376 3935 436 4008 ΙΙΙ,
453 3935 582 3995 animad·
601 3935 649 3996 36⁴
