2726 4676
274 437 344 510 308
434 461 490 544 nr.
507 458 652 506 sumnus
677 460 721 504 ar
747 457 870 506 oausrs
896 459 1104 508 uonaonuu
1146 485 1148 492 ·

241 662 245 668 ¹
269 588 340 644 tor.
360 572 433 644 Ubi
460 571 561 658 duae,
583 551 756 668 pluresve
781 587 982 644 occurrant
1007 575 1179 644 urinariae
1205 601 1259 647 ve·

268 690 371 774 sicae,
392 713 474 785 quae
491 689 588 759 inter
601 711 639 760 se
659 689 957 777 communicent,
974 715 1098 788 neque
1111 717 1157 762 ex
1165 707 1258 763 certo

267 822 462 880 structurae
503 805 617 876 modo
644 806 719 901 jam
744 805 832 878 inde
858 831 878 876 a
907 807 1124 904 primordiis
1155 808 1258 882 fuisse

268 948 400 996 omnes
424 921 642 1010 videantur,
672 938 714 992 ut
731 937 822 1021 puta
846 923 936 996 siin
960 924 1121 1021 aliquam
1143 925 1259 998 nullus

265 1039 397 1112 influat
417 1055 557 1128 ureter,
584 1064 707 1136 neque
736 1064 800 1127 ea,
825 1040 863 1110 iu
884 1039 1007 1113 brutis
1030 1044 1258 1139 potissimum

266 1156 534 1245 animantibus,
556 1155 650 1228 facta
671 1156 791 1228 videri
816 1159 933 1255 possit
951 1185 995 1230 ex
1013 1158 1157 1231 uracho
1172 1159 1257 1230 dila·

263 1293 341 1350 tato
353 1331 362 1364 ,
374 1301 432 1364 ea,
449 1279 625 1374 iuquam,
640 1275 842 1372 praesertim
854 1276 884 1348 si
901 1275 1065 1348 calculus
1080 1278 1185 1366 insit,
1199 1292 1255 1357 aut

263 1395 489 1492 stranguria,
506 1392 566 1464 vel
590 1392 763 1488 dysuria‚
794 1393 853 1464 vel
873 1392 1022 1482 crebra,
1048 1409 1089 1465 ut
1107 1419 1201 1493 saepe
1219 1397 1254 1464 in
1279 1382 1290 1420 l

262 1511 481 1610 potoribus,
516 1510 668 1608 plurimi
696 1509 777 1580 lotii
811 1512 972 1582 retentio
1013 1513 1254 1609 praeessem,

262 1656 342 1701 non
360 1655 431 1728 pro
449 1627 565 1700 altera
581 1628 726 1715 vesica,
761 1625 824 1699 sed
849 1629 974 1724 potius
993 1653 1063 1726 pro
1083 1629 1256 1700 naturalis

259 1749 389 1820 vesicae
409 1747 556 1833 hernia,
571 1744 609 1814 id
632 1759 686 1816 est
709 1745 746 1846 ri
761 1744 884 1816 morbi
903 1744 1091 1843 producto
1113 1745 1255 1818 sacculo

260 1864 436 1937 habenda
456 1878 510 1935 est
522 1915 539 1947 ,.
552 1861 721 1958 qualem,
743 1861 904 1960 exempli
923 1885 1050 1951 causa,
1067 1865 1148 1960 ipse
1164 1887 1254 1960 quo-

262 2007 334 2080 que
362 1979 473 2053 fuisse
493 1993 722 2077 putoquam
741 1979 980 2056 Bartholinus
992 1980 1046 2076 (1)
1058 1982 1097 2050 in
1113 1979 1253 2052 theatro

260 2099 335 2169 hoe
356 2113 486 2170 nostro
501 2121 579 2168 non
597 2095 645 2179 ab
656 2121 694 2168 se
708 2095 881 2193 quidem,
896 2097 962 2170 sed
974 2097 1252 2170 aMoinichenio
1354 2075 1355 2088 ἵ

260 2231 500 2311 conspectam
517 2211 641 2288 ,refert
669 2238 820 2311 parvam
847 2216 982 2312 majori
1007 2213 1200 2302 adnatam,
1221 2229 1252 2286 et

262 2357 349 2404 cum
375 2331 444 2402 hac
464 2332 816 2404 communicantem.
847 2337 986 2404 Contra
1004 2356 1094 2404 vero
1111 2357 1181 2430 pro
1198 2357 1253 2430 ge·

260 2454 364 2520 mina
387 2450 505 2520 vesica
532 2449 724 2554 aliquanto
756 2447 898 2520 facilius
924 2449 1092 2535 habebo,
1116 2451 1251 2548 quippe

259 2571 415 2670 singulis
443 2572 571 2642 saltem
600 2569 810 2644 ureteribus
836 2573 875 2642 in
900 2572 1066 2670 singulas
1083 2573 1251 2644 cavitates

257 2688 520 2777 influentibus,
538 2713 653 2786 quam
673 2689 712 2758 in
733 2689 870 2783 juvene
888 2689 1130 2786 quantumvis
1148 2689 1251 2786 dysu·
1352 2755 1353 2758 ,

256 2808 333 2896 ria,
369 2807 551 2896 ischuria,
578 2822 616 2877 ct
648 2805 791 2877 calculo
824 2805 1041 2895 laborante,
1080 2806 1251 2880 describit
1352 2791 1353 2852 i

258 2927 508 3022 Stegmannus
522 2923 586 3020 (a).
607 2922 705 2994 Illud
720 2922 883 3020 denique
901 2926 1119 3020 priusquam
1138 2925 1196 2996 his
1208 2923 1249 2996 de

254 3036 1251 3128 sacculisfinemdicendifaciam,nonreticebo:attan

161 3150 175 3165 ‘
256 3159 406 3232 dendus
427 3183 490 3230 eos
516 3181 595 3231 esse
618 3158 685 3253 qui
710 3172 911 3253 antequam
931 3164 1053 3230 vesica
1080 3157 1248 3244 infletur,
1351 3183 1352 3188 ¹

259 3290 462 3373 apparent,
491 3289 553 3345 aut
573 3275 602 3346 si
625 3273 702 3370 jam
728 3272 853 3346 inflata
881 3290 955 3362 est,
977 3276 1155 3373 imputari
1188 3299 1248 3344 ne·

257 3409 401 3491 queunt
415 3393 642 3464 exteriorum
660 3391 790 3464 vesicae
807 3393 1038 3482 tunicarum,
1058 3417 1150 3490 quas
1163 3389 1247 3464 scal·
1350 3473 1351 3482 ἵ

217 3545 220 3550 ·
255 3510 377 3609 pellus
396 3506 491 3580 forte
505 3508 653 3598 laeserit,
672 3507 791 3579 hiatui
804 3563 813 3596 ,
827 3533 896 3607 per
909 3535 1023 3609 quem
1035 3512 1187 3598 intimae,
1202 3505 1244 3578 ab
1350 3557 1351 3566 .

256 3652 340 3699 aere
361 3628 528 3697 immisso
551 3642 758 3698 extrorsum
784 3627 1005 3726 compulsae,
1042 3617 1246 3712 s'acculum,

292 3911 337 3986 (1)
357 3913 446 3965 Anat.
462 3918 560 3982 quart.
577 3925 680 3964 renov.
695 3910 715 3964 l.
732 3929 764 3980 1,
779 3929 803 3966 c.
818 3927 866 3966 ao.

292 4009 334 4088 (a)
356 4009 433 4084 Eph.
446 4010 487 4064 ll.
502 4010 524 4065 C
550 4008 613 4066 dec.
630 4007 664 4085 3,
676 4011 713 4065 A.
730 4016 766 4082 4,
781 4009 845 4066 obs.
864 4029 931 4067 110.
