<?xml version="1.0" encoding="UTF-8"?>
<!DOCTYPE html PUBLIC "-//W3C//DTD XHTML 1.0 Transitional//EN"
    "http://www.w3.org/TR/xhtml1/DTD/xhtml1-transitional.dtd">
<html xmlns="http://www.w3.org/1999/xhtml" xml:lang="en" lang="en">
 <head>
  <title>
</title>
<meta http-equiv="Content-Type" content="text/html;charset=utf-8" />
  <meta name='ocr-system' content='tesseract 3.04.00' />
  <meta name='ocr-capabilities' content='ocr_page ocr_carea ocr_par ocr_line ocrx_word'/>
</head>
<body>
  <div class='ocr_page' id='page_1' title='image "./desedibusetcaus05adelgoog_0082.png"; bbox 0 0 2814 4674; ppageno 0'>
   <div class='ocr_carea' id='block_1_1' title="bbox 142 419 1098 519">
    <p class='ocr_par' dir='ltr' id='par_1_1' title="bbox 142 419 1098 519">
     <span class='ocr_line' id='line_1_1' title="bbox 142 419 1098 519; baseline -0.006 -19"><span class='ocrx_word' id='word_1_1' title='bbox 142 453 207 500; x_wconf 79' lang='lat' dir='ltr'>ru.</span> <span class='ocrx_word' id='word_1_2' title='bbox 229 453 285 500; x_wconf 91' lang='lat'>111.</span> <span class='ocrx_word' id='word_1_3' title='bbox 314 453 360 500; x_wconf 80' lang='lat' dir='ltr'>nn</span> <span class='ocrx_word' id='word_1_4' title='bbox 386 450 522 500; x_wconf 71' lang='lat' dir='ltr'>nonius</span> <span class='ocrx_word' id='word_1_5' title='bbox 540 451 712 514; x_wconf 79' lang='lat' dir='ltr'>vrrrms,</span> <span class='ocrx_word' id='word_1_6' title='bbox 739 451 850 499; x_wconf 82' lang='lat' dir='ltr'>nrrsr.</span> <span class='ocrx_word' id='word_1_7' title='bbox 872 449 993 498; x_wconf 80' lang='lat' dir='ltr'>xxxrx.</span> <span class='ocrx_word' id='word_1_8' title='bbox 1047 419 1098 519; x_wconf 72' lang='lat'>73·</span> 
     </span>
    </p>
   </div>
   <div class='ocr_carea' id='block_1_2' title="bbox 99 547 1102 2070">
    <p class='ocr_par' dir='ltr' id='par_1_2' title="bbox 99 547 1099 871">
     <span class='ocr_line' id='line_1_2' title="bbox 102 547 1097 662; baseline 0.001 -27"><span class='ocrx_word' id='word_1_9' title='bbox 102 581 173 654; x_wconf 85' lang='lat' dir='ltr'>tea,</span> <span class='ocrx_word' id='word_1_10' title='bbox 198 581 241 638; x_wconf 92' lang='lat' dir='ltr'>ut</span> <span class='ocrx_word' id='word_1_11' title='bbox 266 565 580 662; x_wconf 73' lang='lat' dir='ltr'>conjiciebamus,</span> <span class='ocrx_word' id='word_1_12' title='bbox 607 547 741 636; x_wconf 75' lang='lat' dir='ltr'>carere¹</span> <span class='ocrx_word' id='word_1_13' title='bbox 756 589 836 635; x_wconf 91' lang='lat' dir='ltr'>non</span> <span class='ocrx_word' id='word_1_14' title='bbox 862 564 997 662; x_wconf 89' lang='lat' dir='ltr'>potuit.</span> <span class='ocrx_word' id='word_1_15' title='bbox 1022 561 1097 636; x_wconf 87' lang='lat' dir='ltr'>Sed</span> 
     </span>
     <span class='ocr_line' id='line_1_3' title="bbox 99 679 1099 780; baseline -0.001 -29"><span class='ocrx_word' id='word_1_16' title='bbox 99 681 168 777; x_wconf 81' lang='lat' dir='ltr'>jam</span> <span class='ocrx_word' id='word_1_17' title='bbox 184 681 229 754; x_wconf 90' lang='lat' dir='ltr'>ad</span> <span class='ocrx_word' id='word_1_18' title='bbox 243 684 429 770; x_wconf 84' lang='lat' dir='ltr'>viscerum</span> <span class='ocrx_word' id='word_1_19' title='bbox 444 683 595 754; x_wconf 80' lang='lat' dir='ltr'>alterius</span> <span class='ocrx_word' id='word_1_20' title='bbox 610 683 761 780; x_wconf 85' lang='lat' dir='ltr'>generis</span> <span class='ocrx_word' id='word_1_21' title='bbox 779 685 947 758; x_wconf 81' lang='lat' dir='ltr'>tumores</span> <span class='ocrx_word' id='word_1_22' title='bbox 967 679 1099 752; x_wconf 50' lang='lat' dir='ltr'>veniae</span> 
     </span>
     <span class='ocr_line' id='line_1_4' title="bbox 101 821 188 871; baseline 0 -3"><span class='ocrx_word' id='word_1_23' title='bbox 101 821 188 871; x_wconf 85' lang='lat' dir='ltr'>mus.</span> 
     </span>
    </p>

    <p class='ocr_par' dir='ltr' id='par_1_3' title="bbox 104 905 1102 2070">
     <span class='ocr_line' id='line_1_5' title="bbox 136 905 1101 1014; baseline -0.002 -28"><span class='ocrx_word' id='word_1_24' title='bbox 136 915 189 987; x_wconf 77' lang='lat'>33.</span> <span class='ocrx_word' id='word_1_25' title='bbox 202 917 339 988; x_wconf 83' lang='lat' dir='ltr'>Mulier</span> <span class='ocrx_word' id='word_1_26' title='bbox 348 917 467 1004; x_wconf 91' lang='lat' dir='ltr'>annis,</span> <span class='ocrx_word' id='word_1_27' title='bbox 478 915 741 1004; x_wconf 80' lang='lat' dir='ltr'>utvidebatur,</span> <span class='ocrx_word' id='word_1_28' title='bbox 755 905 1004 1014; x_wconf 55' lang='lat' dir='ltr'>quadraginta</span> <span class='ocrx_word' id='word_1_29' title='bbox 1016 920 1101 984; x_wconf 83' lang='lat' dir='ltr'>non</span> 
     </span>
     <span class='ocr_line' id='line_1_6' title="bbox 104 1030 1102 1130; baseline -0.001 -28"><span class='ocrx_word' id='word_1_30' title='bbox 104 1032 218 1103; x_wconf 89' lang='lat' dir='ltr'>multo</span> <span class='ocrx_word' id='word_1_31' title='bbox 231 1035 376 1124; x_wconf 89' lang='lat' dir='ltr'>minor,</span> <span class='ocrx_word' id='word_1_32' title='bbox 389 1035 465 1130; x_wconf 88' lang='lat' dir='ltr'>jam</span> <span class='ocrx_word' id='word_1_33' title='bbox 483 1049 568 1106; x_wconf 88' lang='lat' dir='ltr'>ante</span> <span class='ocrx_word' id='word_1_34' title='bbox 584 1057 726 1104; x_wconf 89' lang='lat' dir='ltr'>annum</span> <span class='ocrx_word' id='word_1_35' title='bbox 744 1033 931 1130; x_wconf 85' lang='lat' dir='ltr'>profluvio</span> <span class='ocrx_word' id='word_1_36' title='bbox 953 1030 1102 1128; x_wconf 84' lang='lat' dir='ltr'>sangui·</span> 
     </span>
     <span class='ocr_line' id='line_1_7' title="bbox 105 1147 1099 1248; baseline 0 -30"><span class='ocrx_word' id='word_1_37' title='bbox 105 1150 159 1220; x_wconf 90' lang='lat' dir='ltr'>nis</span> <span class='ocrx_word' id='word_1_38' title='bbox 173 1175 217 1220; x_wconf 85' lang='lat' dir='ltr'>ex</span> <span class='ocrx_word' id='word_1_39' title='bbox 229 1150 452 1248; x_wconf 73' lang='lat' dir='ltr'><strong>genitalibus</strong></span> <span class='ocrx_word' id='word_1_40' title='bbox 462 1151 708 1224; x_wconf 78' lang='lat' dir='ltr'><strong>laboraverat.</strong></span> <span class='ocrx_word' id='word_1_41' title='bbox 724 1156 804 1223; x_wconf 91' lang='lat' dir='ltr'>Hoc</span> <span class='ocrx_word' id='word_1_42' title='bbox 818 1151 989 1224; x_wconf 90' lang='lat' dir='ltr'>uterinus</span> <span class='ocrx_word' id='word_1_43' title='bbox 999 1147 1099 1220; x_wconf 82' lang='lat' dir='ltr'>lluor</span> 
     </span>
     <span class='ocr_line' id='line_1_8' title="bbox 108 1263 1101 1366; baseline -0.001 -29"><span class='ocrx_word' id='word_1_44' title='bbox 108 1277 312 1364; x_wconf 85' lang='lat' dir='ltr'>exceperat,</span> <span class='ocrx_word' id='word_1_45' title='bbox 332 1294 409 1366; x_wconf 91' lang='lat' dir='ltr'>quo</span> <span class='ocrx_word' id='word_1_46' title='bbox 430 1269 556 1360; x_wconf 86' lang='lat' dir='ltr'>colore</span> <span class='ocrx_word' id='word_1_47' title='bbox 568 1284 633 1340; x_wconf 87' lang='lat' dir='ltr'>aut</span> <span class='ocrx_word' id='word_1_48' title='bbox 652 1268 769 1341; x_wconf 87' lang='lat' dir='ltr'>odore</span> <span class='ocrx_word' id='word_1_49' title='bbox 782 1263 1101 1354; x_wconf 61' lang='lat' dir='ltr'>incertumssillud</span> 
     </span>
     <span class='ocr_line' id='line_1_9' title="bbox 108 1383 1100 1485; baseline 0.001 -32"><span class='ocrx_word' id='word_1_50' title='bbox 108 1398 264 1474; x_wconf 83' lang='lat' dir='ltr'>certum,</span> <span class='ocrx_word' id='word_1_51' title='bbox 297 1387 384 1456; x_wconf 88' lang='lat' dir='ltr'>cum&#39;</span> <span class='ocrx_word' id='word_1_52' title='bbox 399 1386 656 1466; x_wconf 86' lang='lat' dir='ltr'>acerbissimis</span> <span class='ocrx_word' id='word_1_53' title='bbox 679 1387 911 1485; x_wconf 80' lang='lat' dir='ltr'>hypogastrii</span> <span class='ocrx_word' id='word_1_54' title='bbox 942 1401 978 1458; x_wconf 90' lang='lat' dir='ltr'>et</span> <span class='ocrx_word' id='word_1_55' title='bbox 1009 1383 1100 1454; x_wconf 88' lang='lat' dir='ltr'>huic</span> 
     </span>
     <span class='ocr_line' id='line_1_10' title="bbox 109 1499 1099 1601; baseline 0 -29"><span class='ocrx_word' id='word_1_56' title='bbox 109 1499 352 1596; x_wconf 84' lang='lat' dir='ltr'>subjectarum</span> <span class='ocrx_word' id='word_1_57' title='bbox 369 1505 532 1601; x_wconf 84' lang='lat' dir='ltr'>partium</span> <span class='ocrx_word' id='word_1_58' title='bbox 551 1505 748 1577; x_wconf 80' lang='lat' dir='ltr'>nocturnis</span> <span class='ocrx_word' id='word_1_59' title='bbox 771 1504 973 1600; x_wconf 83' lang='lat' dir='ltr'>praesertim</span> <span class='ocrx_word' id='word_1_60' title='bbox 990 1501 1099 1572; x_wconf 86' lang='lat' dir='ltr'>dolo·</span> 
     </span>
     <span class='ocr_line' id='line_1_11' title="bbox 108 1615 1100 1716; baseline 0 -26"><span class='ocrx_word' id='word_1_61' title='bbox 108 1615 202 1690; x_wconf 86' lang='lat' dir='ltr'>ribus</span> <span class='ocrx_word' id='word_1_62' title='bbox 210 1617 328 1691; x_wconf 64' lang='lat' dir='ltr'>,fuisse</span> <span class='ocrx_word' id='word_1_63' title='bbox 346 1621 612 1716; x_wconf 88' lang='lat' dir='ltr'>conjunctum,</span> <span class='ocrx_word' id='word_1_64' title='bbox 627 1635 759 1691; x_wconf 84' lang='lat' dir='ltr'>etcum</span> <span class='ocrx_word' id='word_1_65' title='bbox 769 1635 917 1690; x_wconf 88' lang='lat' dir='ltr'>tumore</span> <span class='ocrx_word' id='word_1_66' title='bbox 932 1621 1100 1714; x_wconf 73' lang='lat' dir='ltr'>inquens</span> 
     </span>
     <span class='ocr_line' id='line_1_12' title="bbox 110 1732 1100 1832; baseline 0.002 -30"><span class='ocrx_word' id='word_1_67' title='bbox 110 1757 217 1804; x_wconf 93' lang='lat' dir='ltr'>unum</span> <span class='ocrx_word' id='word_1_68' title='bbox 235 1737 419 1808; x_wconf 83' lang='lat' dir='ltr'>coaluisse</span> <span class='ocrx_word' id='word_1_69' title='bbox 430 1736 599 1823; x_wconf 87' lang='lat' dir='ltr'>dicebat,</span> <span class='ocrx_word' id='word_1_70' title='bbox 617 1735 812 1809; x_wconf 87' lang='lat' dir='ltr'>tubercula</span> <span class='ocrx_word' id='word_1_71' title='bbox 825 1733 1015 1832; x_wconf 82' lang='lat' dir='ltr'>quaedam,</span> <span class='ocrx_word' id='word_1_72' title='bbox 1030 1732 1100 1804; x_wconf 67' lang='lat' dir='ltr'>dis&#39;⁴</span> 
     </span>
     <span class='ocr_line' id='line_1_13' title="bbox 108 1849 1101 1953; baseline -0.003 -32"><span class='ocrx_word' id='word_1_73' title='bbox 108 1849 193 1943; x_wconf 79' lang='lat' dir='ltr'>jecta</span> <span class='ocrx_word' id='word_1_74' title='bbox 201 1853 291 1924; x_wconf 88' lang='lat' dir='ltr'>olim</span> <span class='ocrx_word' id='word_1_75' title='bbox 302 1855 341 1924; x_wconf 92' lang='lat' dir='ltr'>in</span> <span class='ocrx_word' id='word_1_76' title='bbox 352 1854 477 1926; x_wconf 88' lang='lat' dir='ltr'>medio</span> <span class='ocrx_word' id='word_1_77' title='bbox 489 1855 732 1953; x_wconf 88' lang='lat' dir='ltr'>hypogastrio</span> <span class='ocrx_word' id='word_1_78' title='bbox 742 1850 995 1952; x_wconf 87' lang='lat' dir='ltr'>percipienda.</span> <span class='ocrx_word' id='word_1_79' title='bbox 1010 1853 1101 1924; x_wconf 82' lang='lat' dir='ltr'>Erat</span> 
     </span>
     <span class='ocr_line' id='line_1_14' title="bbox 111 1971 1100 2070; baseline 0.001 -36"><span class='ocrx_word' id='word_1_80' title='bbox 111 1991 202 2040; x_wconf 89' lang='lat' dir='ltr'>nunc</span> <span class='ocrx_word' id='word_1_81' title='bbox 211 1971 243 2042; x_wconf 89' lang='lat' dir='ltr'>is</span> <span class='ocrx_word' id='word_1_82' title='bbox 251 1985 381 2044; x_wconf 89' lang='lat' dir='ltr'>tumor</span> <span class='ocrx_word' id='word_1_83' title='bbox 393 1973 515 2068; x_wconf 89' lang='lat' dir='ltr'>inqua</span> <span class='ocrx_word' id='word_1_84' title='bbox 525 1974 605 2070; x_wconf 91' lang='lat' dir='ltr'>ipsa</span> <span class='ocrx_word' id='word_1_85' title='bbox 615 1971 714 2059; x_wconf 78' lang='lat' dir='ltr'>se&#39;de,</span> <span class='ocrx_word' id='word_1_86' title='bbox 724 1997 769 2044; x_wconf 89' lang='lat' dir='ltr'>eo</span> <span class='ocrx_word' id='word_1_87' title='bbox 777 1986 904 2044; x_wconf 88' lang='lat' dir='ltr'>tamen</span> <span class='ocrx_word' id='word_1_88' title='bbox 916 1989 1100 2065; x_wconf 75' lang='lat' dir='ltr'>usqueas-</span> 
     </span>
    </p>
   </div>
   <div class='ocr_carea' id='block_1_3' title="bbox 114 2085 1200 2175">
    <p class='ocr_par' dir='ltr' id='par_1_4' title="bbox 114 2085 1200 2175">
     <span class='ocr_line' id='line_1_15' title="bbox 114 2085 1200 2175; baseline 0.002 -20"><span class='ocrx_word' id='word_1_89' title='bbox 114 2085 278 2175; x_wconf 83' lang='lat' dir='ltr'>cendens,</span> <span class='ocrx_word' id='word_1_90' title='bbox 288 2104 331 2160; x_wconf 89' lang='lat' dir='ltr'>ut</span> <span class='ocrx_word' id='word_1_91' title='bbox 341 2088 388 2160; x_wconf 92' lang='lat' dir='ltr'>ab</span> <span class='ocrx_word' id='word_1_92' title='bbox 398 2090 581 2166; x_wconf 88' lang='lat' dir='ltr'>umbilico</span> <span class='ocrx_word' id='word_1_93' title='bbox 590 2092 652 2163; x_wconf 82' lang='lat' dir='ltr'>vix</span> <span class='ocrx_word' id='word_1_94' title='bbox 661 2089 812 2164; x_wconf 90' lang='lat' dir='ltr'>duobus</span> <span class='ocrx_word' id='word_1_95' title='bbox 822 2089 975 2160; x_wconf 89' lang='lat' dir='ltr'>distaret</span> <span class='ocrx_word' id='word_1_96' title='bbox 984 2100 1102 2158; x_wconf 74' lang='lat' dir='ltr'>trans·</span> <span class='ocrx_word' id='word_1_97' title='bbox 1197 2087 1200 2102; x_wconf 91' lang='lat'>&#39;</span> 
     </span>
    </p>
   </div>
   <div class='ocr_carea' id='block_1_4' title="bbox 111 2205 1109 4082">
    <p class='ocr_par' dir='ltr' id='par_1_5' title="bbox 111 2205 1109 4082">
     <span class='ocr_line' id='line_1_16' title="bbox 111 2205 1102 2306; baseline 0.004 -36"><span class='ocrx_word' id='word_1_98' title='bbox 111 2206 213 2276; x_wconf 80' lang='lat' dir='ltr'>versis</span> <span class='ocrx_word' id='word_1_99' title='bbox 232 2206 357 2304; x_wconf 85' lang='lat' dir='ltr'>digitis</span> <span class='ocrx_word' id='word_1_100' title='bbox 376 2210 621 2306; x_wconf 78' lang='lat' dir='ltr'>proportione</span> <span class='ocrx_word' id='word_1_101' title='bbox 639 2208 752 2306; x_wconf 79' lang='lat' dir='ltr'>latus,</span> <span class='ocrx_word' id='word_1_102' title='bbox 773 2208 865 2280; x_wconf 85' lang='lat' dir='ltr'>adeo</span> <span class='ocrx_word' id='word_1_103' title='bbox 881 2205 1102 2304; x_wconf 86' lang='lat' dir='ltr'>prominens</span> 
     </span>
     <span class='ocr_line' id='line_1_17' title="bbox 113 2325 1100 2422; baseline 0.001 -31"><span class='ocrx_word' id='word_1_104' title='bbox 113 2337 328 2412; x_wconf 82' lang='lat' dir='ltr'>extrorsum,</span> <span class='ocrx_word' id='word_1_105' title='bbox 351 2342 393 2397; x_wconf 90' lang='lat' dir='ltr'>ut</span> <span class='ocrx_word' id='word_1_106' title='bbox 420 2327 479 2397; x_wconf 89' lang='lat' dir='ltr'>vel</span> <span class='ocrx_word' id='word_1_107' title='bbox 502 2329 647 2398; x_wconf 85' lang='lat' dir='ltr'>eminus</span> <span class='ocrx_word' id='word_1_108' title='bbox 670 2328 709 2398; x_wconf 90' lang='lat' dir='ltr'>in</span> <span class='ocrx_word' id='word_1_109' title='bbox 732 2326 864 2398; x_wconf 87' lang='lat' dir='ltr'>oculos</span> <span class='ocrx_word' id='word_1_110' title='bbox 888 2325 1100 2422; x_wconf 84' lang='lat' dir='ltr'>incurreret</span> 
     </span>
     <span class='ocr_line' id='line_1_18' title="bbox 114 2439 1103 2542; baseline 0 -34"><span class='ocrx_word' id='word_1_111' title='bbox 114 2439 381 2531; x_wconf 81' lang='lat' dir='ltr'>subrotundus,</span> <span class='ocrx_word' id='word_1_112' title='bbox 397 2444 566 2541; x_wconf 73' lang='lat' dir='ltr'>aequalis,</span> <span class='ocrx_word' id='word_1_113' title='bbox 591 2447 620 2516; x_wconf 91' lang='lat' dir='ltr'>si</span> <span class='ocrx_word' id='word_1_114' title='bbox 642 2457 830 2542; x_wconf 83' lang='lat' dir='ltr'>tangeres,</span> <span class='ocrx_word' id='word_1_115' title='bbox 860 2456 897 2514; x_wconf 86' lang='lat' dir='ltr'>et</span> <span class='ocrx_word' id='word_1_116' title='bbox 922 2441 1103 2514; x_wconf 57' lang='lat' dir='ltr'>renitens*</span> 
     </span>
     <span class='ocr_line' id='line_1_19' title="bbox 114 2555 1102 2646; baseline -0.002 -20"><span class='ocrx_word' id='word_1_117' title='bbox 114 2558 301 2632; x_wconf 79' lang='lat' dir='ltr'>Assiduum</span> <span class='ocrx_word' id='word_1_118' title='bbox 328 2577 532 2632; x_wconf 88' lang='lat' dir='ltr'>accesserat</span> <span class='ocrx_word' id='word_1_119' title='bbox 554 2563 671 2634; x_wconf 86' lang='lat' dir='ltr'>urinae</span> <span class='ocrx_word' id='word_1_120' title='bbox 702 2560 955 2646; x_wconf 86' lang='lat' dir='ltr'>stillicidium,</span> <span class='ocrx_word' id='word_1_121' title='bbox 989 2555 1102 2628; x_wconf 89' lang='lat' dir='ltr'>dolor</span> 
     </span>
     <span class='ocr_line' id='line_1_20' title="bbox 116 2672 1102 2776; baseline -0.003 -33"><span class='ocrx_word' id='word_1_122' title='bbox 116 2677 360 2770; x_wconf 88' lang='lat' dir='ltr'>spasmodicus</span> <span class='ocrx_word' id='word_1_123' title='bbox 378 2678 425 2748; x_wconf 87' lang='lat' dir='ltr'>ad</span> <span class='ocrx_word' id='word_1_124' title='bbox 451 2687 600 2776; x_wconf 81' lang='lat' dir='ltr'>guttur,</span> <span class='ocrx_word' id='word_1_125' title='bbox 622 2705 759 2752; x_wconf 87' lang='lat' dir='ltr'>nausea</span> <span class='ocrx_word' id='word_1_126' title='bbox 782 2695 819 2750; x_wconf 89' lang='lat' dir='ltr'>et</span> <span class='ocrx_word' id='word_1_127' title='bbox 846 2677 1010 2748; x_wconf 89' lang='lat' dir='ltr'>vomitus</span> <span class='ocrx_word' id='word_1_128' title='bbox 1033 2672 1102 2746; x_wconf 83' lang='lat' dir='ltr'>ali-</span> 
     </span>
     <span class='ocr_line' id='line_1_21' title="bbox 117 2788 1102 2888; baseline -0.001 -27"><span class='ocrx_word' id='word_1_129' title='bbox 117 2795 277 2886; x_wconf 86' lang='lat' dir='ltr'>quando,</span> <span class='ocrx_word' id='word_1_130' title='bbox 297 2798 453 2885; x_wconf 85' lang='lat' dir='ltr'>macies,</span> <span class='ocrx_word' id='word_1_131' title='bbox 477 2794 599 2870; x_wconf 83' lang='lat' dir='ltr'>febris.</span> <span class='ocrx_word' id='word_1_132' title='bbox 624 2797 771 2888; x_wconf 85' lang='lat' dir='ltr'>Quibus</span> <span class='ocrx_word' id='word_1_133' title='bbox 796 2797 901 2870; x_wconf 87' lang='lat' dir='ltr'>malis</span> <span class='ocrx_word' id='word_1_134' title='bbox 924 2788 1102 2865; x_wconf 88' lang='lat' dir='ltr'>omnibus</span> 
     </span>
     <span class='ocr_line' id='line_1_22' title="bbox 118 2907 1105 3006; baseline -0.002 -26"><span class='ocrx_word' id='word_1_135' title='bbox 118 2907 159 2980; x_wconf 85' lang='lat' dir='ltr'>sic</span> <span class='ocrx_word' id='word_1_136' title='bbox 177 2911 368 2984; x_wconf 85' lang='lat' dir='ltr'>debilitata</span> <span class='ocrx_word' id='word_1_137' title='bbox 385 2930 420 2985; x_wconf 89' lang='lat' dir='ltr'>et</span> <span class='ocrx_word' id='word_1_138' title='bbox 432 2913 548 2986; x_wconf 81' lang='lat' dir='ltr'>fracta</span> <span class='ocrx_word' id='word_1_139' title='bbox 564 2914 632 2986; x_wconf 90' lang='lat' dir='ltr'>sub</span> <span class='ocrx_word' id='word_1_140' title='bbox 652 2916 800 2986; x_wconf 88' lang='lat' dir='ltr'>initium</span> <span class='ocrx_word' id='word_1_141' title='bbox 815 2913 905 2986; x_wconf 86' lang='lat' dir='ltr'>anni</span> <span class='ocrx_word' id='word_1_142' title='bbox 924 2914 1105 3006; x_wconf 75' lang='lat' dir='ltr'>1741,ve-</span> 
     </span>
     <span class='ocr_line' id='line_1_23' title="bbox 118 3026 1105 3124; baseline 0.004 -30"><span class='ocrx_word' id='word_1_143' title='bbox 118 3026 165 3097; x_wconf 88' lang='lat' dir='ltr'>rit</span> <span class='ocrx_word' id='word_1_144' title='bbox 180 3029 218 3098; x_wconf 89' lang='lat' dir='ltr'>in</span> <span class='ocrx_word' id='word_1_145' title='bbox 234 3033 498 3104; x_wconf 85' lang='lat' dir='ltr'>nosocomium</span> <span class='ocrx_word' id='word_1_146' title='bbox 513 3036 753 3120; x_wconf 72' lang='lat' dir='ltr'>Patauinum,</span> <span class='ocrx_word' id='word_1_147' title='bbox 769 3047 813 3103; x_wconf 92' lang='lat' dir='ltr'>ut</span> <span class='ocrx_word' id='word_1_148' title='bbox 830 3033 929 3102; x_wconf 89' lang='lat' dir='ltr'>intra</span> <span class='ocrx_word' id='word_1_149' title='bbox 945 3053 1008 3102; x_wconf 84' lang='lat' dir='ltr'>sex</span> <span class='ocrx_word' id='word_1_150' title='bbox 1020 3051 1105 3124; x_wconf 84' lang='lat' dir='ltr'>sep·-</span> 
     </span>
     <span class='ocr_line' id='line_1_24' title="bbox 119 3130 1104 3243; baseline 0 -31"><span class='ocrx_word' id='word_1_151' title='bbox 119 3155 226 3218; x_wconf 86' lang='lat' dir='ltr'>temve</span> <span class='ocrx_word' id='word_1_152' title='bbox 241 3149 321 3225; x_wconf 85' lang='lat' dir='ltr'>dies</span> <span class='ocrx_word' id='word_1_153' title='bbox 333 3148 532 3242; x_wconf 80' lang='lat' dir='ltr'>defecerit,</span> <span class='ocrx_word' id='word_1_154' title='bbox 551 3130 703 3224; x_wconf 82' lang='lat' dir='ltr'>nemine</span> <span class='ocrx_word' id='word_1_155' title='bbox 721 3149 934 3236; x_wconf 86' lang='lat' dir='ltr'>dubitante,</span> <span class='ocrx_word' id='word_1_156' title='bbox 952 3147 1104 3243; x_wconf 81' lang='lat' dir='ltr'>quinex</span> 
     </span>
     <span class='ocr_line' id='line_1_25' title="bbox 121 3261 1106 3358; baseline 0 -26"><span class='ocrx_word' id='word_1_157' title='bbox 121 3284 287 3338; x_wconf 86' lang='lat' dir='ltr'>cancroso</span> <span class='ocrx_word' id='word_1_158' title='bbox 302 3269 401 3338; x_wconf 81' lang='lat' dir='ltr'>uteri</span> <span class='ocrx_word' id='word_1_159' title='bbox 418 3283 567 3340; x_wconf 87' lang='lat' dir='ltr'>tumore</span> <span class='ocrx_word' id='word_1_160' title='bbox 583 3269 811 3340; x_wconf 80' lang='lat' dir='ltr'>decessisset.</span> <span class='ocrx_word' id='word_1_161' title='bbox 822 3273 866 3342; x_wconf 86' lang='lat' dir='ltr'>Et</span> <span class='ocrx_word' id='word_1_162' title='bbox 880 3287 1014 3338; x_wconf 87' lang='lat' dir='ltr'>cancer</span> <span class='ocrx_word' id='word_1_163' title='bbox 1026 3261 1106 3358; x_wconf 78' lang='lat' dir='ltr'>qui·</span> 
     </span>
     <span class='ocr_line' id='line_1_26' title="bbox 121 3375 1105 3484; baseline 0.003 -38"><span class='ocrx_word' id='word_1_164' title='bbox 121 3375 195 3450; x_wconf 89' lang='lat' dir='ltr'>dem</span> <span class='ocrx_word' id='word_1_165' title='bbox 208 3398 359 3456; x_wconf 82' lang='lat' dir='ltr'>uterum</span> <span class='ocrx_word' id='word_1_166' title='bbox 371 3411 414 3456; x_wconf 87' lang='lat' dir='ltr'>ex</span> <span class='ocrx_word' id='word_1_167' title='bbox 432 3401 537 3484; x_wconf 89' lang='lat' dir='ltr'>parte</span> <span class='ocrx_word' id='word_1_168' title='bbox 553 3403 739 3474; x_wconf 80' lang='lat' dir='ltr'>eroserat;</span> <span class='ocrx_word' id='word_1_169' title='bbox 758 3386 823 3467; x_wconf 84' lang='lat' dir='ltr'>se&#39;d</span> <span class='ocrx_word' id='word_1_170' title='bbox 840 3401 968 3458; x_wconf 87' lang='lat' dir='ltr'>tumor</span> <span class='ocrx_word' id='word_1_171' title='bbox 986 3379 1033 3450; x_wconf 87' lang='lat' dir='ltr'>ad</span> <span class='ocrx_word' id='word_1_172' title='bbox 1048 3379 1105 3475; x_wconf 82' lang='lat' dir='ltr'>ip..</span> 
     </span>
     <span class='ocr_line' id='line_1_27' title="bbox 122 3497 1106 3602; baseline 0.001 -37"><span class='ocrx_word' id='word_1_173' title='bbox 122 3519 192 3567; x_wconf 89' lang='lat' dir='ltr'>sum</span> <span class='ocrx_word' id='word_1_174' title='bbox 210 3527 286 3572; x_wconf 89' lang='lat' dir='ltr'>non</span> <span class='ocrx_word' id='word_1_175' title='bbox 309 3503 510 3589; x_wconf 88' lang='lat' dir='ltr'>attinebat,</span> <span class='ocrx_word' id='word_1_176' title='bbox 529 3521 572 3576; x_wconf 89' lang='lat' dir='ltr'>ut</span> <span class='ocrx_word' id='word_1_177' title='bbox 591 3531 660 3602; x_wconf 90' lang='lat' dir='ltr'>per</span> <span class='ocrx_word' id='word_1_178' title='bbox 679 3505 941 3576; x_wconf 83' lang='lat' dir='ltr'>dissectionem</span> <span class='ocrx_word' id='word_1_179' title='bbox 960 3497 1106 3584; x_wconf 89' lang='lat' dir='ltr'>inveni,</span> 
     </span>
     <span class='ocr_line' id='line_1_28' title="bbox 122 3620 1108 3716; baseline 0.003 -29"><span class='ocrx_word' id='word_1_180' title='bbox 122 3629 153 3682; x_wconf 90' lang='lat' dir='ltr'>et</span> <span class='ocrx_word' id='word_1_181' title='bbox 176 3642 314 3716; x_wconf 84' lang='lat' dir='ltr'>magnae</span> <span class='ocrx_word' id='word_1_182' title='bbox 344 3621 542 3692; x_wconf 87' lang='lat' dir='ltr'>doctorum</span> <span class='ocrx_word' id='word_1_183' title='bbox 573 3647 615 3692; x_wconf 89' lang='lat' dir='ltr'>ac</span> <span class='ocrx_word' id='word_1_184' title='bbox 646 3622 898 3694; x_wconf 84' lang='lat' dir='ltr'>studiosorum</span> <span class='ocrx_word' id='word_1_185' title='bbox 924 3620 1108 3715; x_wconf 84' lang='lat' dir='ltr'>juvenum</span> 
     </span>
     <span class='ocr_line' id='line_1_29' title="bbox 124 3729 1109 3838; baseline 0.004 -40"><span class='ocrx_word' id='word_1_186' title='bbox 124 3753 256 3808; x_wconf 84' lang='lat' dir='ltr'>coronae</span> <span class='ocrx_word' id='word_1_187' title='bbox 269 3737 427 3810; x_wconf 84' lang='lat' dir='ltr'>ostendi.</span> <span class='ocrx_word' id='word_1_188' title='bbox 444 3729 584 3812; x_wconf 83' lang='lat' dir='ltr'>Ventre</span> <span class='ocrx_word' id='word_1_189' title='bbox 604 3742 703 3812; x_wconf 90' lang='lat' dir='ltr'>enim</span> <span class='ocrx_word' id='word_1_190' title='bbox 725 3738 909 3838; x_wconf 88' lang='lat' dir='ltr'>patefacto</span> <span class='ocrx_word' id='word_1_191' title='bbox 926 3735 1109 3810; x_wconf 88' lang='lat' dir='ltr'>continuo</span> 
     </span>
     <span class='ocr_line' id='line_1_30' title="bbox 124 3854 1109 3954; baseline 0.004 -33"><span class='ocrx_word' id='word_1_192' title='bbox 124 3857 298 3946; x_wconf 78' lang='lat' dir='ltr'>apparuit,</span> <span class='ocrx_word' id='word_1_193' title='bbox 315 3859 476 3929; x_wconf 88' lang='lat' dir='ltr'>vesicam</span> <span class='ocrx_word' id='word_1_194' title='bbox 493 3861 604 3929; x_wconf 90' lang='lat' dir='ltr'>urina</span> <span class='ocrx_word' id='word_1_195' title='bbox 621 3859 842 3945; x_wconf 70' lang='lat' dir='ltr'>distentam,</span> <span class='ocrx_word' id='word_1_196' title='bbox 858 3857 898 3929; x_wconf 91' lang='lat' dir='ltr'>id</span> <span class='ocrx_word' id='word_1_197' title='bbox 918 3854 1024 3954; x_wconf 91' lang='lat' dir='ltr'>quod</span> <span class='ocrx_word' id='word_1_198' title='bbox 1047 3878 1109 3926; x_wconf 81' lang='lat' dir='ltr'>ne-</span> 
     </span>
     <span class='ocr_line' id='line_1_31' title="bbox 125 3971 1107 4082; baseline 0.004 -39"><span class='ocrx_word' id='word_1_199' title='bbox 125 3973 462 4082; x_wconf 70' lang='lat' dir='ltr'>mo,jngiter.lotio,</span> <span class='ocrx_word' id='word_1_200' title='bbox 480 3977 684 4054; x_wconf 84' lang='lat' dir='ltr'>utdictum</span> <span class='ocrx_word' id='word_1_201' title='bbox 697 3992 773 4068; x_wconf 89' lang='lat' dir='ltr'>est,</span> <span class='ocrx_word' id='word_1_202' title='bbox 790 3974 1023 4064; x_wconf 82' lang='lat' dir='ltr'>destillante,</span> <span class='ocrx_word' id='word_1_203' title='bbox 1052 3971 1107 4047; x_wconf 80' lang='lat' dir='ltr'>iu-</span> 
     </span>
    </p>
   </div>
   <div class='ocr_carea' id='block_1_5' title="bbox 0 0 1436 4674">
    <p class='ocr_par' dir='ltr' id='par_1_6' title="bbox 0 0 1436 4674">
     <span class='ocr_line' id='line_1_32' title="bbox 0 0 1436 4674; baseline 0 0"><span class='ocrx_word' id='word_1_204' title='bbox 0 0 1436 4674; x_wconf 95' lang='lat' dir='ltr'> </span> 
     </span>
    </p>
   </div>
  </div>
 </body>
</html>
