2726 4676
101 435 169 486 ur.
198 432 254 486 111.
282 432 818 503 nuuonn1svaurn1s,rrrsr.
846 443 933 488 xLu.
966 415 1037 490 283

38 553 115 647 pyri
132 549 278 642 forma3
297 576 384 622 nam
406 577 485 650 quo
502 553 655 649 magica
674 553 857 650 capitum,
875 569 912 626 et
929 579 1040 652 supe·

37 670 130 740 riore
148 694 240 744 acus
260 686 363 768 parte
381 668 650 758 descendebat,
680 695 725 740 eo
748 672 865 768 magis
884 695 921 744 se
942 687 1040 744 exte-

38 785 186 860 nuabat.
210 791 304 862 Cum
329 813 349 858 e
372 787 511 875 vesica,
526 786 573 856 ad
598 812 708 884 quam
730 787 857 884 aliqua
874 787 1039 860 adhaere-

38 901 95 974 bat
131 929 178 978 ex
210 911 333 1004 parte,
363 904 615 992 attolleretur,
645 906 860 1004 squamulas
880 905 926 976 ad
951 930 1038 981 eum

37 1013 157 1092 locum
177 1022 426 1124 agglutinatae
448 1020 609 1118 reliquit.
633 1027 677 1095 Et
693 1039 837 1112 tamen,
861 1048 948 1094 cnm
969 1047 1039 1097 acu

38 1137 128 1210 lauci
144 1141 364 1239 impositus,
385 1154 476 1212 tunc
500 1139 669 1236 pondere
695 1139 1040 1238 denariosaequavit

39 1253 313 1356 duodeviginti,
332 1280 416 1328 cum
438 1269 562 1330 autem
576 1272 705 1354 postea
719 1249 798 1328 haec
809 1258 856 1328 ad
875 1283 934 1328 me
948 1258 1038 1330 scri-

38 1369 234 1462 berentur,
246 1399 325 1446 uon
342 1371 415 1444 nisi
431 1371 729 1470 quatuordecim.

82 1491 137 1562 26.
155 1493 234 1584 Qui
249 1487 382 1590 puellae
399 1489 522 1578 alteri,
544 1503 584 1562 ut
603 1490 745 1584 dictum
766 1507 820 1562 est
839 1515 952 1588 supra
967 1489 1037 1586 (1),

41 1630 161 1696 acum,
184 1612 409 1707 priusquam
425 1605 519 1704 lapis
536 1623 783 1696 accresceret,
798 1606 955 1696 feliciter
974 1633 1037 1678 ex-

41 1738 211 1816 traxerat,
235 1726 325 1798 huic
343 1751 494 1826 quoque
521 1725 723 1813 inchoato,
752 1740 938 1822 auctoque
960 1726 1036 1820 jam

43 1842 205 1933 calculo,
233 1846 344 1916 eximi
396 1869 477 1918 osse
508 1869 588 1916 non
618 1842 864 1941 desperabat,
897 1842 927 1919 si
949 1866 1038 1914 acus

43 1981 220 2033 mucrone
247 1965 285 2032 in
309 1871 502 2034 urdhram
528 1961 705 2042 reductu,
739 1975 776 2034 et
804 1957 1038 2057 forcipefir·

45 2093 155 2164 mato,
181 2079 369 2150 calculum
391 2093 614 2163 extenuare,
643 2078 673 2148 si
696 2101 771 2173 qua
799 2091 948 2174 posset,
976 2101 1039 2146 co-

46 2211 190 2268 naretur
222 2212 446 2294 anteaquam
471 2196 667 2282 educeret,
701 2195 943 2266 Benivenium
963 2193 1040 2291 (a),
1076 2225 1078 2228 ·

47 2293 103 2406 qui
128 2315 169 2386 in
192 2315 346 2411 virginis
374 2313 528 2386 urethra
552 2299 795 2402 comminuit,
813 2313 919 2410 prius
949 2337 1040 2410 qua-

46 2428 242 2520 dantenus,
262 2447 342 2507 tum
373 2432 482 2507 sires
510 2455 589 2503 non
609 2455 654 2504 ex
680 2445 769 2500 voto
798 2429 1039 2528 procederet,

43 2549 275 2622 'Moliuettum
296 2549 350 2647 (3)
369 2550 435 2648 qui
455 2549 617 2646 pervim
641 2546 915 2620 extrahendum
938 2571 1041 2620 cura·

48 2682 157 2756 verat,
169 2669 392 2740 imitaturus.
405 2663 611 2738 Etfortasse
621 2663 761 2761 aliquid
767 2661 901 2761 profici
912 2664 1038 2736 etiam·

48 2790 118 2852 tuna
135 2798 294 2881 poterat.
320 2761 450 2856 Postea
473 2807 563 2852 vero
591 2804 703 2879 quam
726 2780 892 2854 calculus
920 2803 1040 2876 usque

49 2898 152 2990 adeo,
171 2917 209 2974 et
228 2925 313 2972 cum
336 2905 418 3000 ipso
440 2900 536 2986 mala
553 2900 681 2970 omnia
707 2911 923 2982 creverant,·
956 2897 1040 2992 quis

48 3021 173 3117 estqui
190 3043 339 3117 sperare
364 3018 572 3116 quidquam
593 3015 747 3116 posset?
776 3014 886 3104 Quod
911 3015 941 3085 si
966 3013 1039 3086 cal·

49 3136 145 3209 culus
163 3152 268 3210 tanto
286 3134 413 3226 fuisset
433 3136 601 3223 tenuior,
627 3135 685 3203 via
699 3146 821 3204 autem
837 3155 905 3228 per
924 3155 1038 3227 quam

49 3254 200 3326 urethrae
212 3279 345 3326 ravum
360 3278 446 3326 cum
457 3253 597 3351 vaginae
614 3275 705 3322 cavo
723 3246 1042 3351 communicabat,

49 3381 145 3446 tanto
176 3373 358 3470 amplior,
382 3382 524 3469 quanto
563 3385 768 3466 utrumque
796 3369 835 3437 in
855 3365 1042 3463 ejusdem·

51 3489 144 3560 modi
165 3514 253 3562 casu
269 3487 381 3560 fuerit
393 3502 631 3574 necesseest,
650 3510 763 3584 quem
778 3511 823 3556 ex
832 3483 936 3556 Italia
956 3485 1042 3556 mis·

50 3661 1044 3692 *mmm-*⁸¹*-

84 3787 123 3869 (ι)
143 3795 180 3848 N.
198 3792 264 3848 eod.
279 3807 332 3870 aa.1
486 3853 487 3858 ἵ

87 3888 124 3966 (a)
145 3893 189 3946 De
202 3890 310 3949 additis
322 3890 456 3944 morbor.
472 3887 618 3962 cauriae,
636 3887 684 3948 80·
756 3971 759 3980 Δ

85 3985 122 4065 (3)
143 3993 175 4048 C.
189 3991 240 4045 cit.
254 4005 343 4064 supra
355 3988 393 4045 ad
407 4008 437 4044 n.
457 4005 504 4042 aa.
