2740 4670
166 412 238 460 nm.
266 372 321 498 11¹1,
350 409 881 474 nunonnrsvnura1s,ar1sr.
909 411 1011 458 mur.
1040 385 1114 484 373

109 524 310 620 pulchreto
323 523 399 622 (1),
417 524 462 596 ad
482 550 519 596 se
534 539 720 596 ostensam
741 525 779 594 iu
799 548 938 620 puero,
961 539 1112 595 eutero-
1190 595 1191 598 ,

109 641 188 712 cele
205 641 430 729 laborante,
457 649 635 738 vaginam
662 641 826 711 testiculo
856 666 880 710 a
902 647 1114 738 peritonoeo
1154 671 1155 676 ¹

98 760 254 846 stactam
263 814 274 847 ,
296 765 350 828 ita
368 759 568 828 dilatatam
585 763 622 828 in
636 783 703 828 suo
723 771 857 828 exortu
872 783 987 854 usque
1001 757 1056 827 ad
1056 759 1112 852 fi

109 899 193 946 nem
207 892 246 947 et
257 875 438 965 fandum,
460 890 502 946 ut
519 873 594 944 duo
618 867 726 971 digus
730 875 854 966 facile
879 874 1112 970 ingrederen-

108 994 410 1066 turPCrederem
435 991 589 1063 forsitan
607 1017 761 1090 perraro
788 992 915 1088 aliquo
945 1015 1032 1064 casu
1058 991 1113 1062 ‹li-

107 1125 244 1205 ruptas
271 1110 361 1180 hinc
388 1111 500 1184 imam
533 1111 629 1181 sacci
661 1109 800 1181 herniae
829 1125 997 1207 partem,
1023 1107 1112 1181 inde

106 1248 293 1296 summam
319 1227 497 1324 vaginalis
522 1227 656 1298 tunicae
670 1229 710 1296 in
727 1253 846 1298 unum
872 1227 1006 1297 tubum
1026 1251 1113 1326 eoa-

108 1340 249 1433 luisse',
267 1360 351 1428 aut,
369 1345 474 1442 quod
493 1346 532 1414 in
554 1345 733 1441 singulari
751 1344 912 1441 quadam
932 1369 997 1416 sua
1015 1345 1113 1440 ejus-

107 1457 301 1534 demmodi
318 1461 577 1540 observatione
596 1461 855 1559 suspicabatur
872 1465 1021 1558 Meryus
1036 1461 1113 1559 (2),

11 1597 13 1604 '
57 1617 58 1622 κ
106 1593 148 1648 ut
167 1579 461 1677 quadrupedum
480 1581 694 1676 plerisque,
725 1580 774 1648 ita
806 1580 840 1650 ei
869 1603 989 1675 puero
1009 1582 1113 1678 vagi-

107 1721 194 1766 nam
207 1699 352 1768 istama
372 1699 512 1768 ventris
539 1719 629 1767 cavo
649 1695 695 1765 ad
708 1694 924 1792 testiculum
944 1698 1111 1793 perviam

109 1813 307 1911 obtigisse;
326 1813 538 1899 crederem,
554 1814 732 1910 inquam,
750 1813 822 1884 nisi
836 1816 973 1882 Boscus
992 1812 1030 1882 id
1045 1837 1114 1884 sce·

102 1957 204 2027 pase
221 1932 358 2003 vidisse
378 1947 414 2003 et
428 1930 632 2002 ostendisse
648 1928 868 2016 affirmaret,
887 1945 1113 2027 putaretque

111 2049 409 2140 omnibusfacile
427 2073 502 2119 esse
518 2054 611 2120 uisu.
635 2052 729 2120 Cum
747 2071 845 2134 vero
858 2049 1019 2133 caeteris,
1045 2073 1111 2119 ue·

111 2163 196 2235 dum
218 2165 334 2252 mihi,
357 2191 436 2236 non
454 2165 569 2237 modo
587 2165 625 2236 id
639 2191 717 2236 non
734 2179 931 2262 appareat,
948 2164 1011 2236 sed
1027 2163 1113 2237 lon-

110 2306 150 2378 ge
164 2283 269 2354 aliud
287 2284 560 2356 evidentissime
576 2282 901 2381 deprehendatur,
922 2281 1112 2380 reliquum

111 2415 163 2470 est
178 2416 222 2472 ut
244 2390 516 2472 hallucinatum
539 2426 617 2474 esse
643 2401 858 2486 hominem,
888 2415 925 2470 et
955 2424 1018 2470 eos
1046 2400 1111 2496 qui

112 2515 283 2603 aderant,
312 2520 564 2616 suspicemur,
597 2519 857 2590 extenuatione
890 2516 1044 2589 fortasse
1075 2529 1114 2588 et

112 2631 322 2707 adhaesione
345 2637 542 2732 utriusque
564 2637 697 2708 tunicae
717 2660 803 2705 cum
829 2637 928 2705 inter
949 2659 1005 2720 se,
1028 2648 1110 2704 tum

113 2749 157 2820 ad
170 2753 385 2824 testiculum
403 2769 526 2840 tauta,
545 2769 586 2824 nt
603 2753 664 2824 hic
685 2751 908 2828 extuberans
923 2753 1020 2820 intra
1040 2775 1113 2821 sac·

113 2889 196 2938 cnm
212 2869 351 2940 herniae
367 2873 465 2942 ineo
484 2872 640 2943 omnino
660 2865 738 2942 esse
756 2869 962 2940 videretur..

117 3055 120 3061 .
157 3012 190 3082 9.
206 2986 278 3058 Sed
296 2988 467 3060 cavendae
490 2989 606 3086 magis
625 2989 663 3080 in
686 2988 779 3058 vivis
799 2985 1112 3058 hallucinationes

111 3101 202 3192 aliae,
222 3130 271 3174 ne
291 3107 510 3178 intestinum
535 3120 598 3176 aut
629 3119 824 3176 omentum
843 3117 944 3174 extra
969 3102 1112 3174 ventris

113 3241 257 3292 caveam
276 3221 493 3320 prolapsum
509 3222 601 3294 falso
614 3224 876 3294 existimemus.
890 3222 1009 3290 Multa
1023 3233 1112 3290 sunt
1149 3279 1150 3282 ,

113 3361 190 3432 quae
214 3332 402 3434 ejusmodi
436 3365 603 3412 errorem
645 3340 807 3430 incautis
842 3337 1044 3432 objiciant,
1068 3351 1111 3408 ut

113 3455 303 3528 testiculus
316 3458 382 3553 qui
400 3459 534 3544 serius,
552 3459 660 3528 sicuti
673 3480 948 3552 nonnunquam
964 3454 1113 3542 accidit,

114 3567 150 3638 io
180 3587 346 3644 scrotum
375 3574 643 3659 descensurus,
673 3577 814 3670 inguen
835 3571 999 3660 attollat,
1031 3596 1110 3642 non

730 3753 1114 3770 Μ

153 3851 194 3932 (1)
215 3859 291 3913 Sect.
304 3857 358 3912 cit.
374 3858 437 3912 obs.
457 3857 485 3913 5.

150 3951 191 4031 (α)
213 3957 302 4012 Mem.
317 3956 353 4012 de
367 3957 482 4014 l’Aead.
493 3977 558 4034 roy.
573 3959 623 4015 des
635 3961 703 4031 Sc,
717 3977 765 4016 an.
782 3977 871 4030 1701,
882 3959 946 4016 obs.
961 3958 996 4014 3„
