2810 4668
301 433 373 535 576
471 457 517 504 un
544 453 690 503 sumnus
716 454 760 498 nr
785 450 911 499 causis
937 447 1147 501 moruorum

299 569 623 669 consequebatur,
652 589 837 664 perquam
858 565 992 665 ampla.
1013 569 1186 658 Quorum
1207 591 1314 640 sum-

298 717 379 766 mas
394 713 481 762 oras
497 685 634 760 frustra
645 685 871 782 inspectari,
892 699 935 756 ut
951 686 1083 783 quales
1101 701 1215 758 testes
1233 713 1316 758 mu-

298 810 382 882 lieri
409 807 499 878 huic
520 805 766 902 obtigisscnt,
786 802 967 876 viderem.
982 809 1088 875 Tunc
1106 827 1194 876 vasa
1210 830 1316 904 sper·

296 927 450 1014 matica,
473 947 557 1022 qua·
576 923 653 992 visa
673 920 834 992 hicnon
855 922 978 994 multo
998 947 1113 1020 quam
1141 922 1309 1012 soleant,

294 1045 478 1131 tenuiora,
489 1039 772 1138 diligentissime
785 1053 1003 1137 persecutus
1013 1043 1225 1139 prasertim
1238 1067 1313 1139 qua

262 1201 265 1206 ·
293 1164 368 1236 lata
380 1160 533 1234 adibant
555 1159 653 1231 uteri
671 1157 842 1246 vincula,
862 1182 948 1230 cum
964 1159 1157 1258 proxima,
1175 1185 1225 1232 cx
1239 1186 1314 1259 qua

295 1281 374 1352 haec
383 1277 534 1350 vincula
547 1275 753 1375 incipiunt,
767 1275 960 1374 peritonaei
972 1277 1149 1376 portione
1160 1301 1313 1350 annexa

292 1397 618 1484 adhuc,accurate
630 1393 820 1491 deposita,
833 1393 958 1466 nullos
973 1397 1132 1466 omnino
1143 1395 1242 1468 huic
1261 1395 1313 1469 fe-

294 1517 405 1587 minae
421 1512 533 1586 fuisse
552 1525 686 1599 testes,
701 1510 928 1609 nullumque
946 1535 1079 1584 eorum
1094 1512 1156 1584 vel
1169 1514 1312 1611 perob-

294 1657 448 1706 scurum
468 1629 797 1719 inchoamentum,
814 1630 991 1728 praeclare
1006 1631 1181 1728 cognovi.

343 1776 402 1825 nr.
416 1754 471 1821 Ex
490 1748 550 1820 his
570 1771 652 1846 quac
671 1748 711 1848 in
726 1743 1030 1844 frequentissima
1045 1746 1309 1822 studiosorum
1402 1727 1403 1784 ἶ

294 1893 435 1942 corona
452 1867 706 1940 demonstravi
718 1921 729 1954 ,
740 1866 827 1937 satis
839 1889 1030 1964 superque
1040 1865 1248 1963 intelligis,
1270 1883 1310 1938 ut

293 1990 454 2087 opinor,
473 1984 630 2084 perinde
648 1981 761 2056 fuisse
784 1983 875 2056 huic
904 1981 1057 2056 mulieri
1077 1985 1216 2082 exiguo
1235 1987 1307 2057 isto

291 2121 402 2178 utero
426 2103 619 2203 praeditam
654 2126 752 2188 esse,
780 2126 822 2174 ac
854 2103 884 2174 si
917 2103 1076 2174 omnino
1109 2104 1304 2198 caruisqct.

291 2227 415 2314 Quam
432 2245 516 2292 rara
536 2235 662 2292 autem
688 2224 734 2292 sit
751 2221 987 2319 exiguitas,a
1013 2245 1075 2292 me
1095 2219 1306 2322 descripta.

290 2365 336 2413 ex
355 2337 534 2411 omnibus
551 2363 633 2435 quae
647 2339 687 2409 in
699 2337 991 2437 Sepulchretum
1004 2355 1185 2438 congesta
1198 2358 1304 2428 sunt,

288 2457 396 2558 parvi
428 2457 526 2528 uteri
564 2457 748 2554 exemplis
787 2457 866 2553 ipse
903 2457 1059 2556 poteris·
1075 2457 1300 2531 existimare.

288 2583 444 2650 Amatus
468 2573 623 2673 quidem
641 2575 692 2645 ait
710 2575 788 2671 (1),
803 2573 924 2646 solere
948 2574 1212 2672 hujuscemodi
1224 2593 1303 2648 ute·
1401 2579 1402 2642 3

287 2721 392 2784 rum,
416 2708 654 2766 contractum
674 2691 851 2765 videlicet
874 2714 916 2764 ac
949 2717 1109 2792 parvum
1122 2748 1133 2783 ,
1158 2700 1198 2764 in
1214 2720 1304 2766 non-

287 2811 400 2886 nullis
420 2837 497 2884 non
513 2836 602 2882 raro
627 2815 793 2908 conspici
814 2816 1010 2909 praecipue
1029 2809 1239 2902 sterilibus,
1266 2828 1302 2883 et

287 2957 374 3031 quae
387 2953 581 3028 nunquam
588 2941 817 3028 pepererunt
831 2953 841 2997 :
859 2926 999 3026 quihus
1012 2928 1199 3002 maanillae
1211 2953 1299 3028 quo-

285 3075 358 3148 quc
377 3071 533 3146 porvoe,
552 3061 589 3118 et
608 3060 810 3117 contractae
832 3057 939 3134 sunt,
964 3060 1007 3116 ut
1027 3070 1078 3116 ex
1103 3045 1179 3117 illis
1203 3053 1301 3118 uteri

277 3171 452 3267 parvitas
466 3179 503 3236 et
519 3169 705 3261 ext'guitos
717 3165 830 3233 ctiam
840 3177 1035 3259 arguatur.
1053 3167 1151 3236 Sane
1163 3181 1201 3236 et
1213 3167 1290 3263 ipsc

284 3284 430 3358 steriles
455 3281 637 3381 quasdam
659 3280 836 3360 mulieres
856 3282 971 3370 novi,
992 3279 1133 3379 quibus
1161 3298 1293 3382 praeter

269 3400 480 3500 papillam,
492 3415 528 3470 ct
545 3398 725 3486 areolam,
746 3399 806 3467 vix
818 3421 861 3470 ac
875 3421 922 3468 ne
935 3398 997 3468 vix
1007 3397 1165 3495 quidem
1176 3423 1291 3468 mam-

281 3541 431 3588 marum
457 3531 554 3588 esset
578 3514 798 3613 quidquam.
829 3513 901 3586 Sed
925 3540 1038 3614 quem
1061 3529 1192 3586 tamen
1214 3532 1291 3587 ute·

281 3659 368 3707 rum
403 3634 573 3732 designat
601 3632 789 3704 Amatus?
822 3657 960 3732 nempe
996 3658 1112 3730 quem
1147 3635 1290 3706 viderat

283 3760 379 3824 inter
396 3767 536 3822 rectum
559 3757 771 3822 intestinum
791 3765 829 3822 et
850 3755 1016 3824 vesicam
1037 3767 1286 3840 contractum,

320 4021 364 4103 (1)
385 4028 422 4083 lu
433 4023 585 4087 Additem.
599 4023 718 4086 edocet.
733 4026 811 4086 hauc
824 4025 879 4101 34,
894 4024 959 4088 obt·
979 4041 1006 4082 a.
