2746 4674
306 387 374 458 160
468 411 514 455 ιιιι
541 407 687 455 surmus
711 407 755 453 rr
781 405 904 454 muns
930 403 1139 454 ιιοιιιιοιιιιιι

299 520 472 593 acerbior
485 517 778 616 factusaegru'm,
794 521 998 616 praesertim
1024 521 1216 592 sedentem
1241 529 1313 590 aut

296 642 498 738 jacentem,
516 636 612 706 male
630 636 813 740 habehat,
829 661 950 734 eoque
968 641 1084 735 magis
1104 638 1173 710 ubi
1191 662 1228 709 se
1246 637 1313 708 vel
1368 643 1369 660 ³

298 758 431 828 leviter
445 769 663 838 convertere
677 753 807 837 vellet,
820 750 885 824 aht
900 753 1071 859 flectere,
1094 770 1159 826 aut
1178 773 1312 848 rursus

300 874 443 970 erigere
463 886 682 958 conaretur,
701 886 766 944 aut
784 893 947 969 surgere.
971 873 1103 944 Visum
1122 887 1178 944 est
1195 871 1247 942 ob
1268 888 1313 941 ea
1368 917 1369 930 2

174 1071 179 1080 ¹
212 1063 214 1066 ,
300 1015 383 1088 quae
402 989 449 1059 de
465 987 787 1060 haemorrhoidum
806 987 909 1058 fluxu
933 988 1116 1077 diximus,
1139 991 1313 1086 itemque
1368 1045 1369 1052 ,

302 1105 353 1178 ob
367 1107 586 1203 sanguinem
602 1106 668 1202 qui
680 1104 938 1204 superioribus
951 1105 1144 1180 mensibus
1161 1131 1242 1176 non
1258 1129 1313 1176 se·
1368 1153 1369 1236 p

301 1223 376 1292 mel
394 1247 413 1292 e
430 1221 585 1292 naribus
603 1236 736 1318 sponte
757 1245 795 1292 se
813 1221 1047 1308 ostenderat,
1067 1223 1207 1310 laxata,
1227 1213 1317 1318 quae'
1368 1259 1369 1320 ι

301 1356 382 1412 tum
402 1339 692 1426 adstrictum,
712 1339 815 1426 alvu,
840 1341 1061 1437 sanguinem
1081 1340 1128 1412 de
1148 1339 1313 1411 brachio

301 1458 487 1554 primum,
515 1471 596 1528 tum
618 1481 663 1527 ex
686 1455 1028 1528 haemorrhoidibus
1049 1482 1129 1529 esse
1153 1458 1313 1528 mitten·
1368 1459 1369 1536 i

304 1573 407 1644 dum.
424 1579 520 1645 Cum
540 1573 612 1642 alvi
625 1572 761 1644 laxatio
775 1574 959 1660 multum,
979 1590 1060 1645 tum
1080 1575 1203 1671 prima
1225 1597 1313 1644 san·
1368 1575 1369 1620 i

304 1693 426 1789 guinis
440 1693 567 1762 missio
585 1689 791 1786 plurimum
810 1687 972 1788 profuit3
988 1707 1030 1762 ut
1044 1693 1121 1789 jam
1141 1691 1314 1764 sublatus

305 1811 462 1880 omnino
477 1809 683 1879 diuturnus
699 1807 810 1878 dolor
824 1807 1027 1880 videretur.
1042 1807 1115 1880 Sed
1133 1833 1222 1880 cum
1240 1809 1316 1880 chi·

305 1953 442 2025 rurgus
458 1927 504 1998 ad
523 1923 841 1998 haemorrhoides
830 1951 964 2024 ‚-·quas
960 1926 1244 2026 turgidissimas
1261 1927 1314 1998 of·
1368 1915 1369 2010 i

307 2044 495 2131 fenderat,
513 2041 787 2130 nrhrlominus‚
793 2043 941 2116 medico
953 2044 1195 2133 inconsulto
1208 2045 1312 2115 hiru·

307 2162 415 2232 dines
440 2161 687 2248 admovisset3
717 2177 818 2232 tanta
847 2163 904 2232 vis
932 2162 1124 2259 sanguinis
1157 2177 1315 2274 repente

306 2277 503 2378 profluxit,
520 2293 654 2349 utnon
671 2279 790 2350 multo
806 2294 893 2377 post
911 2277 1048 2349 indioia
1068 2281 1369 2386 apparuerint

306 2395 486 2468 habitus'
478 2420 516 2465 m
537 2419 693 2495 pravum
711 2397 908 2494 vergentis.
930 2401 1062 2492 Itaque
1078 2418 1165 2467 cum
1184 2419 1316 2470 rursus
1368 2411 1369 2486 ι

308 2515 456 2584 consilii
470 2538 579 2584 causa
595 2537 806 2586 accerserer
821 2509 905 2612 post
915 2515 1014 2611 junii
1027 2513 1213 2601 medium,
1233 2531 1314 2586 tum
1368 2489 1369 2548 ¹

307 2630 386 2701 haec
395 2649 483 2728 tquae
493 2631 609 2702 modo
619 2631 710 2719 dlxl
726 2647 804 2702 tum
817 2632 887 2702 alra
900 2623 1044 2730 aceepi
1059 2631 1161 2704 dies
1147 2656 1227 2728 Jam
1236 2656 1314 2704 esse

307 2748 393 2847 'plus
411 2750 544 2846 viginti
562 2775 606 2821 ex
631 2774 708 2845 quo
728 2751 833 2847 regii
844 2749 969 2820 morbi
992 2752 1115 2846 signa,
1137 2775 1225 2820 cum
1251 2775 1315 2880 pe·
1368 2803 1369 2820 ι

309 2867 399 2938 dum
413 2867 612 2955 oedemate,
627 2891 666 2938 se
681 2891 719 2938 se
730 2861 990 2938 ostenderant:
1006 2881 1042 2937 et
1055 2868 1225 2964 primum
1238 2868 1369 2968 qui·
1368 2879 1369 2922 i

309 2985 396 3056 dem
411 2985 571 3082 viglhas
589 2999 777 3082 appetitus
792 2982 964 3054 ciborum
984 2984 1258 3079 dejectionem.
1283 2997 1369 3064 et

311 3126 462 3174 sensum
480 3101 681 3198 quemdam
701 3097 814 3172 fuisse
833 3101 1017 3172 stomachi
1031 3125 1051 3171 a
1067 3101 1369 3198 prandiolau-
1368 3119 1369 3198 ι

309 3219 433 3317 guidi,
452 3234 583 3316 atque,
604 3234 646 3288 ut
669 3243 766 3316 aeger
785 3218 1030 3314 loquebatur,
1064 3219 1193 3307 diluti,
1211 3241 1313 3289 nunc
1368 3233 1369 3296 ι

308 3360 399 3405 vero
419 3334 521 3405 hunc
538 3359 688 3406 sensum
713 3359 876 3432 prorsus
888 3323 1097 3424 sublatum,
1120 3357 1314 3406 somnum

311 3478 404 3551 que,
415 3469 451 3523 et
461 3468 668 3550 appetltum
680 3477 851 3551 quoque,
869 3453 933 3524 sed
949 3453 1052 3551 huno
1065 3476 1110 3524 ex
1122 3467 1313 3550 partetan·
1368 3493 1369 3552 ι

310 3568 528 3656 ῐιιιιιιιιοιΙο,
546 3569 699 3648 rediisse
716 3595 760 3639 ex
773 3595 851 3666 quo
864 3595 923 3658 ea,
941 3593 1022 3665 quae
1037 3568 1313 3640 emersusicte·
1368 3563 1369 3654 i

310 3711 395 3757 rum
415 3684 574 3773 faciunt,
592 3685 764 3757 adhiberi
783 3701 903 3784 coepta
918 3685 1089 3758 fuerant:
1113 3712 1158 3758 ex
1174 3685 1236 3757 his
1255 3709 1313 3756 au·
1368 3659 1369 3702 d

310 3818 386 3875 tem
404 3801 703 3874 animadversum
731 3829 809 3874 esse
835 3802 1132 3892 rhabarbarum,
1147 3802 1314 3900 quamvis
1368 3865 1369 3898 p

310 3920 1315 4019 perparce-cumpassulisdatum‚lassitudinemauxisse
1368 3907 1369 4002 i

1314 4563 1369 4668 Δ
