2726 4676
152 494 218 542 tm.
246 495 302 542 111.
331 495 376 542 nt
402 493 864 556 nororsvrnm1s‚rr1sr.
891 495 976 543 χιιι.
1006 471 1072 544 afar

77 629 170 702 quas
186 606 463 678 Commercium
477 604 714 676 Litterarium
728 601 789 702 (1)
808 609 1009 703 proponit,
1026 607 1078 679 fa.-

79 723 147 794 cile
161 711 345 821 intelliges
367 737 506 820 quanta
525 721 614 794 inde
631 723 816 819 pernicies
834 725 1077 797 interioribus

78 839 263 936 partibus,
276 855 312 912 et
329 839 534 938 praesertim
550 839 736 927 urinariis‚
748 855 785 911 et
796 839 907 911 simul
917 857 958 913 ut
972 843 1078 912 nulla

79 955 309 1028 calculorum
318 967 386 1028 ‘aut
404 956 536 1029 calculi
554 955 622 1052 (id
643 955 747 1054 quod
770 958 965 1029 urinarum
986 958 1084 1049 sedi-

79 1088 206 1144 menta
234 1071 519 1166 ostendissent)
549 1075 670 1146 erosio
701 1071 823 1145 fuerit.
850 1077 964 1166 Quod
994 1101 1082 1148 cum

79 1189 187 1277 dico,
206 1191 285 1262 noli
305 1206 435 1288 putare
457 1191 565 1262 istam
585 1190 817 1262 calculorum
843 1195 918 1264 sive
941 1195 1081 1266 erosio-

78 1333 165 1378 nem
177 1310 254 1379 sive
265 1306 651 1405 desquammationem
662 1363 671 1396 ‚
683 1311 713 1378 si
726 1333 988 1407 quoscumque
1006 1311 1082 1382 cal-

78 1426 184 1496 culos
200 1441 237 1498 et
252 1449 497 1522 quaecumque
514 1423 785 1524 lithontriptica
803 1427 842 1495 in
863 1427 1081 1500 universum

79 1557 314 1640 spectemus,
335 1565 483 1640 semper
508 1566 586 1614 esse
606 1541 867 1641 exoptandam.
892 1547 1001 1617 Potes
1017 1545 1080 1632 id,
1169 1627 1172 1634 ¹

79 1674 120 1730 ut
136 1661 230 1732 alios
245 1685 322 1730 non
334 1684 459 1730 verses
477 1657 614 1748 libros,
632 1686 676 1732 ex
691 1659 841 1731 laudato
856 1663 1079 1733 Commercio

79 1801 247 1848 noscere.
266 1771 413 1848 Est'ubi
431 1777 485 1860 (a)
505 1776 676 1874 exempla
706 1776 987 1866 describuntur,
1005 1803 1081 1850 seo

77 1895 276 1991 tionesque
307 1892 580 1965 calculosorum
615 1893 800 1982 duorum,
830 1895 1082 1968 attendendus

80 2012 216 2108 prioris
230 2010 397 2082 calculus
415 2009 501 2080 hanc
526 2009 613 2080 inde
629 2011 706 2081 late
730 2035 776 2080 ac
789 2011 984 2109 profunde
1004 2036 1083 2082 ero·

77 2153 155 2216 sus,·
171 2127 261 2198 dato
272 2128 373 2198 enim
384 2125 548 2225 quodam
560 2127 836 2224 lithontriptico
848 2127 1007 2226 liquore,
1021 2129 1083 2200 cui

78 2245 330 2317 verisimiliter
341 2243 380 2314 id
392 2242 674 2342 imputandum,
697 2244 914 2316 exacerbata
934 2242 1084 2317 fuerant

79 2361 223 2449 omnia,
242 2376 278 2432 et
301 2361 423 2432 vesica
450 2360 603 2458 quidem
625 2385 703 2430 non
733 2385 858 2450 erosa,
889 2362 953 2434 sed
984 2364 1084 2434 circa

79 2475 267 2550 orificium
285 2477 357 2548 alte
384 2475 624 2549 inflammata.
652 2476 750 2549 Alibi
769 2477 828 2575 (3)
856 2504 1084 2552 commemo-

77 2611 183 2668 ratur
204 2620 224 2666 a
241 2594 284 2664 cl.
306 2594 460 2667 Goetzio
481 2595 753 2666 casusillustris
768 2596 839 2666 viri
851 2650 860 2682 ,
872 2597 938 2692 qui
954 2599 1083 2668 nescio

79 2716 189 2811 cujus
205 2711 362 2783 remedii
375 2736 445 2783 usu
462 2711 608 2810 largam
624 2712 778 2808 quidem
796 2714 1037 2785 arenularum
1049 2729 1087 2784 et

76 2829 418 2930 squammularum,
447 2835 618 2900 corticem
644 2828 781 2899 calculi
811 2835 962 2901 contriti
988 2831 1084 2920 neste-

78 2954 260 3033 rentium,
280 2952 429 3044 copr'um
446 2971 531 3017 cum
559 2946 652 3017 lotio
682 2945 865 3030 reddens,
878 2939 1084 3020 ‘cruciatus

79 3067 149 3138 sibi
167 3064 262 3136 adeo
280 3063 405 3152 auxit,
422 3080 464 3136 ut
481 3063 527 3136 ab
542 3064 643 3136 hisce
662 3062 854 3136 confectus
866 3065 921 3136 sit.
937 3064 1085 3136 Scilicet

78 3186 114 3256 in
134 3197 289 3254 mortuo
308 3180 473 3254 calculus
492 3197 686 3280 repertus,
702 3187 838 3253 cortice
853 3206 920 3252 suo
939 3187 1084 3253 viscoso

78 3318 113 3371 et
126 3301 264 3398 glabro
278 3355 288 3387 ‚
314 3305 380 3396 qui
392 3304 525 3370 vesicoe
550 3297 725 3370 lateribus
744 3305 893 3396 impune
907 3297 1085 3393 adjocue-

32 3497 35 3504 Ι
80 3433 157 3506 rot,
176 3417 348 3502 orbatur,
363 3415 527 3505 duriori,
546 3416 726 3514 inaequali
738 3431 775 3486 et
790 3441 926 3513 aspera
943 3441 1010 3487 sua
1025 3443 1084 3487 su-

76 3537 230 3633 perficie
242 3539 375 3606 cervici
388 3539 523 3604 vesicae
538 3539 740 3634 imperetur,
756 3533 913 3605 lethales
925 3534 1010 3606 illos
1022 3534 1089 3605 do·

119 3838 163 3916 (1)
184 3841 242 3894 An.
262 3841 354 3908 1740,
371 3837 468 3893 Hedb.
487 3844 585 3908 tr‚n.
600 3855 616 3892 α
625 3877 634 3906 ,
653 3846 682 3891 et
694 3855 742 3893 an.
760 3835 956 3911 1745,hebd.
972 3837 1046 3911 3‚n·.
1062 3852 1092 3894 r.

118 3935 163 4015 ᾖ)
185 3940 242 3994 An.
262 3938 358 4007 1733,
374 3935 463 3992 hebd.
478 3954 526 3992 21.

119 4037 162 4117 (3)
183 4040 241 4094 An.
261 4037 356 4108 1731,
370 4035 459 4092 hebd.
476 4036 524 4093 23.
