2814 4674
142 444 205 490 mr.
227 445 282 490 ιιι.
311 443 357 490 nr
383 409 518 490 nonnis
537 422 708 503 vnurms,
734 442 844 490 nnrsr.
866 444 986 490 xxxrx.
1045 439 1085 518 17

33 537 34 541 Ἰ
102 556 192 653 quod
209 555 343 653 chylus
358 553 515 630 confluit
532 555 719 642 etomnis,
737 569 774 628 et
789 556 907 628 multo
923 557 1084 630 crudior.

101 675 187 746 Dilui
201 675 240 744 iu
258 675 483 746 mesenterio
493 672 683 770 lympham
696 673 854 761 diceres,
867 699 1091 778 eoqueqpro·

102 791 192 889 gredi
211 793 391 877 ulteriuS,
417 815 517 878 nou,
537 804 579 862 ut
599 792 637 862 in
658 793 851 880 mammis,
874 793 1090 885 immorari3

102 910 162 980 nisi
185 925 313 980 tumor
337 910 416 1006 ipse
438 909 638 1010 incipiens,
664 923 701 981 et
726 908 874 1006 limphae
909 926 945 982 et
980 911 1091 1010 chylo
1185 925 1188 938 '

102 1051 275 1098 remoram
300 1021 457 1112 faceret,
477 1020 709 1111 morvillam,
737 1026 917 1103 nimirum
942 1033 1093 1100 tenuio-

102 1168 187 1228 rem,
200 1141 412 1242 praeterlabi
424 1145 576 1238 sineret,
589 1141 738 1240 chylum
756 1144 943 1216 retineret.
959 1151 1015 1217 An
1029 1149 1092 1243 igi-

102 1275 154 1332 tur
168 1261 298 1348 dolor,
318 1283 402 1330 curn
422 1258 468 1330 ad
491 1261 757 1332 mesenterium
774 1262 947 1349 attineat,
974 1259 1093 1334 inin·

102 1381 230 1450 testinis
249 1377 416 1464 videtur,
435 1378 558 1448 nervis
576 1379 640 1474 qui
653 1376 699 1448 ad
713 1377 1094 1466 haecteudunt,com·
1196 1456 1204 1472 ‚

101 1497 257 1590 punctis,
278 1519 356 1564 nou
373 1517 481 1566 secus
495 1511 607 1590 atque
620 1495 657 1562 iu
677 1510 868 1590 amputato
880 1497 956 1590 jam
974 1499 1095 1594 pede?

101 1615 147 1682 An
165 1611 308 1682 humor
326 1613 391 1708 qui
419 1614 536 1707 possit
562 1635 836 1707 compungere,
857 1637 948 1690 nou¹
971 1618 1095 1686 omni·

101 1726 160 1800 bus
174 1731 273 1801 inest
297 1729 511 1800 tnesenterii
537 1727 774 1798 tumoribus?
792 1713 849 1798 ιΑιι
868 1729 1094 1824 quibusdem

100 1844 227 1918 horum
242 1840 339 1918 inest
352 1827 489 1916 humor
501 1846 781 1942 quinervorum
793 1869 963 1926 sensum,
977 1846 1098 1918 laxan-

101 1961 159 2049 do,
174 1963 354 2036 hebetetl
372 1968 429 2034 Au
456 1962 645 2036 interdum
665 1978 858 2034 tumorum
883 1962 1018 2034 duritie
1038 1964 1097 2035 iu-

101 2083 248 2179 tercepti
267 2082 375 2152 nervi
392 2080 493 2152 haud
518 2081 625 2152 aliter
644 2095 756 2176 atque
781 2078 827 2150 eb
853 2081 992 2175 injecto
1013 2083 1096 2152 vin-

102 2198 199 2285 culo,
219 2197 405 2270 sentiendi
429 2198 576 2270 muneri
596 2183 758 2294 impares
778 2195 899 2269 fiunt?
930 2198 1002 2270 Sed
1023 2198 1096 2292 hoc

100 2317 233 2412 posito,
244 2315 338 2387 illud
347 2331 475 2412 postea
489 2339 567 2386 nou
580 2314 786 2412 intelliget,
799 2315 994 2411 quomodo
1007 2320 1099 2387 Lau·

100 2431 175 2506 bins
188 2433 245 2530 (ι)
265 2439 365 2506 circa
382 2431 596 2504 umbilicum
610 2436 772 2502 tormina
781 2430 992 2518 adnotavit,
1010 2456 1098 2503 cum

100 2552 584 2624 acceusaesceacomatoms
596 2554 718 2646 pugni
734 2548 855 2619 virilis
870 2549 1097 2646 magnitudi-

100 2693 176 2740 uem
189 2693 390 2767 superans,
402 2666 537 2753 durus,
558 2676 772 2764 compactus
788 2670 1099 2764 inparteposticu

100 2791 317 2869 merentem,
339 2787 403 2856 ubi
417 2785 596 2856 vertebris
623 2781 850 2854 lumbaribus
868 2787 1097 2868 annectitur,

102 2909 195 2990 situs,
205 2904 459 2999 vasamajora
469 2899 567 2972 illius
579 2899 654 2980 loci
663 2897 918 2981 circumdaret.
929 2901 987 2970 Sic
998 2878 1105 2971 enim

103 3021 243 3094 uidetur
262 3019 458 3118 impositos
471 3018 515 3088 iis
531 3017 1099 3116 vasisnervoe,mesente1·ium;

105 3153 136 3210 et
151 3140 325 3212 intestina
338 3137 523 3223 adituros,
540 3135 784 3232 intercipere,
803 3149 840 3204 et
851 3157 1021 3230 premere
1036 3133 1099 3206 de·

104 3252 231 3328 buisse.
250 3259 321 3326 Fac
338 3255 452 3353 igitur
468 3250 569 3322 aliud
589 3250 742 3347 aliquod
762 3249 807 3320 ud
829 3249 868 3320 id
893 3252 1100 3348 excogites,

106 3387 226 3446 caetera
245 3385 379 3444 cutem·
390 3394 472 3468 quie
488 3367 603 3440 modo
618 3354 742 3467 ettigi,
769 3367 960 3464 dispicias,
978 3366 1101 3442 atiud-

106 3513 172 3584 que
185 3489 232 3560 ad
245 3489 334 3560 alias
351 3487 632 3581 observationes
641 3485 915 3571 accommodes.
934 3489 1102 3575 Quarum

103 3605 240 3676 nullam
250 3659 262 3693 ,
280 3630 408 3678 earum
430 3591 585 3700 quidem
602 3599 778 3699 quas'uos
791 3601 1037 3686 attendimuS,
1050 3605 1102 3674 sic

144 3977 184 4054 (1)
204 3981 271 4036 Act.
284 3977 323 4034 N.
338 3975 370 4032 C.
384 3932 455 4030 lom.
467 3987 483 4030 ι’
492 4013 502 4046 ,
514 3967 579 4048 olis.
597 3973 662 4028 108.

176 4074 206 4150 5·
312 4072 315 4077 .
614 4077 616 4081 ,
