2814 4674
156 467 214 515 nn.
231 467 287 514 111.
315 467 363 516 or
389 461 851 528 uourtsvruruispnrnr.
879 465 1001 514 xxxix.
1054 449 1099 541 47

112 581 265 654 intestini
285 583 460 678 partem(
488 580 521 673 )‚
535 593 636 652 certe
650 579 690 650 in
702 577 837 650 eodem
855 578 1102 676 Sepulchreto

115 715 243 771 exstare
255 695 558 772 observationem
577 696 779 794 quamdam
792 695 869 793 (a),
888 723 968 768 non
980 697 1104 785 valde,

111 819 143 890 si
165 815 277 915 probe
301 817 555 890 meminissem
569 814 831 903 ,·dissimiiem
850 817 933 910 ejus
955 815 1003 887 de
1024 837 1102 913 quo

111 933 363 1030 loqueremur,
382 949 562 1020 casus,ut
575 957 717 1019 sermo,
730 933 777 1004 de
793 949 943 1004 nemore
960 933 1104 1038 omenti

112 1049 266 1138 habitus,
278 1075 361 1122 eam
372 1051 520 1124 mihiad
533 1052 755 1124 memoriam
765 1042 988 1138 revocasset,
1000 1053 1105 1148 quip-

112 1193 156 1266 pe
168 1193 251 1241 rum
267 1184 464 1240 omentum
483 1167 664 1267 grandem
679 1193 724 1240 en
736 1168 934 1240 durissima
950 1171 1105 1266 pingue·

111 1285 192 1358 dine
217 1301 406 1358 tumorem
421 1287 460 1356 in
480 1287 683 1385 epigastrio
699 1284 875 1373 haberet,
894 1286 1006 1378 simili
1030 1288 1104 1357 cir·

112 1406 290 1500 cumjecta
303 1405 458 1476 materia
478 1405 633 1503 pyiorus
651 1404 745 1477 adeo
758 1403 1102 1502 constringebatur,

111 1537 151 1593 ut
162 1521 248 1594 hinc
258 1521 478 1597 insanabilis
495 1524 677 1611 vomi-uas,
687 1524 860 1620 pertinax
868 1523 942 1594 alvi
953 1522 1106 1596 adstric-

110 1639 160 1710 tio
174 1655 210 1712 et
221 1641 360 1712 macies
375 1641 630 1738 contigissent.
650 1643 705 1710 De
718 1665 793 1738 qna
804 1663 891 1712 non
909 1663 988 1712 esse
1008 1663 1105 1739 opus

106 1757 223 1830 multa
238 1757 368 1830 dicere
384 1758 424 1828 in
444 1781 490 1828 eo
507 1759 574 1854 qui
593 1782 673 1845 non
690 1757 807 1830 modo
826 1758 1017 1844 alimenta,
1040 1758 1106 1838 sed

107 1874 188 1972 plus
200 1875 317 1948 etiem
333 1876 507 1972 rejiceret
516 1875 686 1950 humoris
704 1899 817 1974 quam
834 1891 997 1948 sumeret
1008 1879 1106 1965 ‚sive

109 2016 148 2063 ea
165 2019 264 2091 aqua
278 2017 324 2066 ex
338 1992 452 2077 saliua
461 2008 557 2068 esset
569 2019 653 2092 quae
667 1995 784 2066 multa
797 1997 837 2086 iu
853 1995 1107 2067 uentriculum

108 2133 200 2209 sape
219 2113 373 2184 inanem
400 2097 665 2200 descenderet,
690 2113 766 2184 sive
790 2114 902 2184 etiam
924 2135 968 2184 ex
994 2112 1108 2210 hujus

111 2231 245 2302 tunicis
262 2254 332 2327 per
350 2229 506 2301 crebros
521 2231 700 2303 vomendi
713 2245 868 2302 conatus
879 2232 1110 2328 exprimere-

109 2361 192 2418 tur:
216 2371 437 2445 quanquam
453 2349 612 2446 insuper
626 2348 727 2446 ehyii
744 2373 789 2419 er
806 2350 1004 2447 perpaucis
1023 2371 1111 2420 eon-

108 2461 198 2536 feeti
212 2487 297 2562 quae
310 2466 485 2539 intestina
503 2465 691 2555 subirent,
710 2481 855 2564 partem
872 2467 1035 2564 aliquam
1048 2473 1111 2537 in·
1158 2542 1161 2548 ,

109 2585 293 2680 tereipere
310 2597 437 2680 posset
450 2598 580 2656 tumor
594 2585 660 2682 qui
675 2584 804 2662 autad
819 2585 884 2655 iiia
901 2599 966 2656 ant
980 2583 1027 2656 ad
1038 2609 1113 2656 me·

111 2701 317 2778 senterium
338 2704 521 2800 attineret.
543 2703 700 2792 Quoex
722 2715 891 2790 tumore,
914 2719 982 2774 aut
1011 2718 1111 2775 certe

106 2841 223 2914 quem
254 2817 305 2888 ob
327 2832 518 2890 tumorem
549 2819 720 2916 quadan
742 2821 782 2889 in
809 2833 941 2892 ventre
967 2840 1113 2888 moram

111 2933 316 3021 trahentia,
346 2959 468 3032 eoque
492 2937 637 3026 vitiata,
663 2935 732 3008 ubi
754 2938 794 3007 in
813 2937 1034 3034 sanguinem
1052 2959 1113 3007 re-

14 3092 21 3113 ·
111 3050 286 3142 dissent,
301 3053 353 3124 ita
365 3077 433 3126 eor
450 3055 613 3144 irritare,
630 3069 745 3153 etque
758 3056 910 3127 arterias
931 3075 1057 3152 posse,
1072 3070 1115 3127 ut

106 3167 372 3268 haedenique
392 3186 458 3250 aot
484 3172 596 3245 simili
621 3174 767 3246 ratione
784 3174 908 3270 aliqua
925 3173 1115 3268 conjicere
1187 3185 1190 3194 '

108 3285 240 3362 liceret
257 3286 373 3364 febris
394 3291 590 3388 originem.
609 3295 664 3362 Ex
678 3291 736 3364 his
756 3315 837 3389 qnae
854 3289 1038 3362 haetenus
1059 3291 1116 3362 di-

106 3429 239 3481 xeram
251 3407 305 3480 «de
323 3423 487 3506 quatuor
509 3410 617 3482 initio
637 3410 857 3508 propositis,
876 3411 945 3480 etsi
964 3433 1118 3507 appare·
1216 3461 1218 3468 ,

109 3520 173 3598 hut
188 3525 387 3622 inquibus
405 3551 428 3598 a
444 3530 587 3603 cetenis
605 3527 880 3624 discreparem
896 3543 1025 3598 tamen
1040 3541 1118 3598 eret

110 3636 217 3716 faune
242 3643 453 3742 intelligere
474 3671 552 3718 non
585 3669 694 3742 posse
713 3670 772 3716 me
788 3646 830 3714 in
849 3669 898 3714 eo
921 3640 1119 3716 dissentire

989 3811 991 3818 Α
1015 3825 1127 3840 Μ

146 3925 194 4005 (a)
211 3926 283 3988 rid.
294 3895 619 4006 ‘confirmetumfflpise
636 3931 691 4000 30,
707 3949 738 3986 n.
756 3949 801 3986 ια.

145 4027 314 4108 (simiae
332 4049 355 4089 s.
372 4033 500 4125 neus.
516 4033 568 4089 ee.
