2740 4670
17 526 30 556 Q

97 423 165 508 uia.
193 459 248 506 ιιι.
277 460 323 504 ua
349 455 485 504 nonnis
505 452 675 516 vaurms,
702 453 813 499 amsa.
842 452 929 497 κω.
960 428 1027 524 317

36 593 142 654 teres,
161 574 293 644 vesicae
311 586 437 642 autem
454 568 593 666 ipsius,
609 567 657 636 ob
678 570 831 634 nimiam
849 566 1030 635 membra·

38 713 161 762 narum
196 693 511 770 contractionem,
542 680 748 782 parvulam
783 687 1031 778 capacitatem

38 805 300 878 dissecantibus
321 801 507 888 ostendit;
529 800 619 870 hinc
637 814 711 886 est,
730 799 835 894 quod
855 801 885 870 si
909 800 1031 870 curari

39 923 159 1010 velint,
177 919 413 1020 gravioribus
430 944 525 1015 saepe
550 933 587 988 et
611 916 791 986 molestiis
808 930 844 986 et
859 918 1034 1014 periculis

40 1040 182 1111 obnoxii
197 1040 283 1110 siut.
308 1037 469 1108 Immissi
488 1032 806 1116 enim,catheteris
823 1037 1033 1106 necessario

41 1174 132 1228 motu
151 1159 204 1228 sic
219 1153 437 1254 prohibita,
455 1167 517 1224 aut
527 1149 658 1220 calculi
674 1150 759 1220 satis
773 1152 942 1246 perquiri
954 1129 1044 1224 non!
1065 1233 1069 1238 ,

42 1289 208 1373 possunt,
229 1289 271 1344 ut
288 1271 388 1370 apud
400 1269 582 1342 Laubium
597 1266 656 1362 (1)
675 1269 713 1336 in
730 1265 793 1336 illo
812 1269 918 1362 cujus
937 1274 1033 1342 vesi-

44 1415 76 1461 ca
91 1415 215 1462 crassa
231 1389 347 1461 ualde
360 1404 397 1458 et
409 1391 606 1460 constricta
626 1399 725 1468 erat,
747 1398 810 1454 aut
836 1385 865 1454 si
882 1387 956 1456 vim
977 1386 1030 1460 fa-

45 1511 103 1580 ciat
114 1509 332 1606 chirurguS,
349 1505 454 1578 nullo
469 1502 583 1573 modo
598 1499 695 1590 ferre
712 1525 810 1597 aeger
827 1505 968 1599 possit,
991 1520 1035 1578 ut
1124 1485 1127 1492 ²

47 1626 130 1723 apud
159 1625 284 1726 praecl.
315 1621 581 1694 Schreiberum
605 1617 658 1714 (a)
685 1617 797 1705 alter,
825 1619 886 1690 cui
912 1623 1035 1693 vesica

49 1749 348 1827 contractissima‚
363 1737 619 1836 magnitudine
635 1743 801 1806 contenti
821 1736 957 1808 calculi
973 1763 1037 1809 ac-

50 1861 291 1947 commodata,
323 1873 437 1956 atque
464 1853 620 1926 multam
643 1859 870 1942 incrassata,
893 1856 1044 1936 nnllam

50 1976 273 2076 relinquebat
289 1975 411 2046 locam
422 1972 613 2064 matheteri
623 1972 879 2046 convertenda.
898 1973 1036 2064 Eadem

54 2110 155 2166 autem
174 2096 314 2182 incisa,
331 2091 501 2164 accidere
522 2089 676 2187 aliquan
703 2113 726 2160 o
745 2105 869 2186 potest
881 2091 918 2161 id
932 2094 1036 2189 quod

54 2211 101 2281 vel
114 2213 150 2294 iu
171 2217 325 2284 mortuo
345 2207 614 2304 Schrokiust3)
634 2205 746 2294 vidit,
768 2222 810 2276 ut
826 2213 950 2279 vesica
969 2211 1037 2282 ad·

55 2329 188 2400 modam
203 2351 348 2417 crassa,
362 2343 399 2398 et
417 2327 515 2396 circa
531 2323 713 2396 calculum
726 2332 945 2412 constricta,
970 2328 1038 2422 dif-

49 2446 184 2536 sicnlter
197 2447 261 2518 ille
276 2446 362 2518 inde
374 2444 455 2515 loco
474 2448 632 2530 moveri,
652 2457 765 2537 atqae
788 2467 836 2512 ea:
850 2443 953 2540 pelvi
973 2471 1039 2518 eoe-

57 2563 141 2633 trahi
154 2579 279 2662 queat.
298 2569 381 2634 Huc
397 2560 491 2632 iilud
512 2559 627 2645 adde,
646 2560 675 2630 si
693 2560 813 2630 vesica
830 2587 878 2630 eac
894 2563 1039 2634 calculo

52 2702 222 2778 perquam
236 2696 393 2778 angusta
415 2678 565 2750 reddita
571 2680 715 2768 fuerit,
741 2678 820 2748 sine
839 2681 960 2776 gr‘avis
981 2707 1039 2753 cr-

58 2800 138 2870 roris
157 2799 329 2898 periculo
348 2823 427 2870 uon
449 2821 527 2870 esse
552 2796 681 2864 iocum
696 2793 952 2867 Foubertianae
974 2822 1038 2870 cu-

60 2915 150 2984 randi
177 2915 381 3003 methodo,
409 2930 449 2984 ut
476 2927 576 2984 recte
596 2911 745 2980 monuit
765 2911 808 2980 cl.
833 2914 1041 2986 Kesselrin-

61 3029 128 3123 gius
136 3033 208 3130 (Δ),
238 3033 456 3130 optimeque
474 3025 709 3100 confirmavit
728 3031 819 3124 Aug.
839 3029 933 3099 Frid.
959 3033 1041 3104 Pai-

60 3141 103 3217 las
114 3149 180 3246 (5),
190 3149 344 3249 quando
359 3147 469 3220 etiam
487 3171 529 3218 ea
545 3144 869 3226 methoduscerto
878 3148 1042 3244 quodam

62 3261 273 3340 adminiculo
293 3269 455 3363 juvetur.
479 3262 591 3353 Quod
619 3261 665 3334 de
695 3263 857 3334 Ravianu
888 3290 1042 3363 quoque

153 3605 227 3678 Eph.
243 3605 280 3659 N.
297 3604 330 3660 C.
346 3612 422 3657 cent.
440 3601 476 3671 8,
494 3600 558 3654 obs.
579 3616 625 3653 aa.

154 3703 244 3777 Epist.
261 3719 351 3776 supra
362 3702 401 3757 ad
414 3719 443 3754 n.
464 3699 499 3756 32
515 3698 565 3752 cit.

156 3797 327 3878 Eph.'N..C.
341 3811 418 3858 cent.
436 3818 487 3869 10,
505 3798 569 3854 obs.
588 3813 652 3850 100.

155 3903 272 3960 Dissert.
287 3903 322 3958 de
333 3900 410 3958 Hist.
425 3915 454 3956 et
466 3898 558 3956 Metu.
572 3894 713 3952 Foubert.
727 3914 757 3949 n.
771 3893 818 3968 57.

156 4003 275 4060 Dissert.
292 4001 328 4060 de
341 4000 430 4056 variis
440 3998 544 4056 calcal.
560 3994 679 4052 secandi
691 3991 854 4066 methodis,
871 3999 885 4066 ς
901 3995 947 4070 39.
