2810 4668
310 423 383 512 624
419 435 423 448 '
476 449 521 494 nn
548 425 764 498 sauraus‘sr
789 425 914 494 causis
939 423 1149 494 moruorum

310 562 467 633 sinistris
481 560 718 658 parallelum,
729 559 819 630 hinc
833 585 919 632 cum
934 560 1069 631 eodem
1080 583 1158 657 qua
1172 559 1303 631 iliacam

310 681 470 777 excipit,
497 679 585 750 iude
618 703 703 748 cum
731 677 945 775 emulgente
980 701 1076 749 vena
1104 675 1304 747 communi·

310 811 480 881 cantem,
499 797 588 866 alias
605 796 879 892 opportuniore
900 794 984 866 loco
1002 791 1161 865 fortasse
1181 793 1305 864 descri-

309 912 519 996 bam‚.cum
548 928 671 1010 partes
688 913 732 982 iis
752 913 856 982 venis
879 911 1083 1008 proximas,
1115 913 1157 980 in
1181 907 1305 1007 quibus

282 1073 287 1082 ·
311 1033 453 1100 arteriae
471 1053 612 1127 magnae
637 1045 795 1100 truncus
822 1025 913 1116 fuit,
940 1027 1034 1100 levia
1052 1029 1306 1126 incipientium

312 1171 503 1218 ossearum
523 1146 800 1217 bracteolarum
813 1145 960 1216 indicia
978 1171 1047 1244 per
1066 1143 1202 1217 faciem
1222 1147 1305 1218 inte·

311 1265 452 1335 riorem
485 1264 705 1352 ostendeus,
734 1288 835 1334 auno
862 1264 971 1361 1728,
999 1265 1183 1335 attentius
1205 1262 1306 1360 inspi-

312 1406 435 1452 cerem
446 1409 455 1468 ;
468 1381 546 1454 haec
566 1384 604 1450 in
625 1381 851 1478 genitalibus
872 1381 1061 1452 adnotavi.
1078 1384 1217 1452 Ovaria
1231 1435 1241 1468 ,
1253 1404 1304 1451 scu

312 1502 430 1571 mavis
457 1515 593 1587 testes,
618 1501 748 1596 parvi,
782 1523 949 1596 quorum
980 1498 1075 1572 alter
1106 1499 1307 1596 strigosior,

313 1617 408 1688 alter
423 1617 603 1688 vesiculas
620 1615 773 1714 quidem
790 1616 934 1703 nullas,
951 1616 1014 1688 scd
1027 1641 1236 1715 perpaucas
1248 1613 1310 1685 ccl·

311 1733 407 1804 lulas
421 1734 654 1818 continebat,
673 1759 832 1830 quarum
846 1737 1033 1820 minores,
1049 1736 1124 1806 nisi
1145 1731 1246 1832 quod
1260 1734 1309 1800 in-

312 1866 374 1922 tus
390 1851 484 1922 nihil
502 1851 704 1948 spectabile
731 1850 940 1958 habebant,
970 1852 1127 1947 majoris
1149 1867 1252 1924 eraut
1268 1850 1307 1920 si-

313 1969 421 2058 miles
439 1993 521 2066 quae
540 1971 639 2041 intra
660 1971 832 2041 tunicam
862 1995 1042 2059 crassam,
1076 1996 1122 2042 ex
1151 1968 1306 2042 subflavo

313 2086 558 2175 albicantem,
589 2089 713 2158 sinum
752 2087 1076 2186 comprehendere
1117 2087 1305 2160 videbatur

314 2204 449 2275 ductus
470 2206 587 2275 instar
608 2205 854 2303 longiusculi,
880 2209 1035 2305 exiguos
1059 2209 1099 2276 in
1133 2223 1306 2278 transver·
1382 2297 1383 2304 p

313 2345 396 2394 snm
413 2321 580 2394 ramulos
591 2326 812 2396 emittentis:
827 2349 1046 2422 quanquam
1059 2326 1205 2395 veritus
1218 2346 1305 2406 sum,

313 2465 362 2512 ne
378 2442 524 2528 tunica,
548 2465 631 2538 quae
654 2440 745 2513 olim
767 2439 922 2514 fortasse
943 2467 1076 2515 cavum
1094 2441 1307 2539 sphaericun

313 2563 570 2642 continuerat,
598 2573 726 2656 postea
747 2559 911 2658 collapsa
928 2575 965 2632 et
987 2561 1027 2630 in
1051 2585 1089 2631 se
1110 2572 1305 2640 contracta,
1381 2569 1382 2587 ¹

313 2701 464 2750 suarum
495 2699 676 2773 rugarum
708 2677 990 2775 intercapedine
1025 2703 1112 2750 enm
1147 2678 1306 2760 ductum,

294 2813 455 2890 eosqu'e
469 2794 635 2865 ramulos
650 2796 882 2866 mentiretur.
902 2795 987 2867 Alas
1005 2796 1304 2893 vespertilionum
1380 2789 1381 2857 l

309 2890 547 3010 ⁴inspectans,
567 2927 608 2985 ut
627 2893 787 2986 nerveos
799 2915 839 2983 in
856 2915 901 2985 iis
918 2914 1048 3011 plexus
1061 2913 1304 2994 ostenderem,

312 3031 352 3098 in
372 3054 447 3100 una
464 3032 522 3102 vix
540 3030 771 3103 levissimum
790 3034 1044 3130 exiguumque
1062 3031 1197 3130 plexus
1213 3027 1304 3128 quasi
1379 3049 1380 3129 p

312 3146 622 3220 inchoamentum
640 3147 801 3237 offendi,
817 3152 856 3220 in
873 3151 988 3222 altera
1000 3176 1048 3221 ne
1065 3149 1139 3222 boc
1154 3145 1303 3248 quidem.

310 3265 367 3336 ud
386 3268 483 3336 uteri
500 3267 672 3338 osculum
691 3257 945 3364 prorninehtia
966 3286 1045 3341 erat
1067 3267 1238 3376 quaedam
1257 3287 1305 3334 co·

313 3384 394 3456 lore
413 3385 533 3455 viridi.
553 3386 667 3457 Paulo
685 3411 818 3484 supra,
836 3369 883 3458 ab
897 3389 972 3483 jam
989 3389 1067 3484 jam
1084 3386 1224 3457 infimae
1240 3406 1303 3455 cer-

312 3502 403 3572 vicis
420 3504 561 3599 pariete
588 3529 655 3600 per
674 3502 849 3593 brevem,
866 3505 1113 3602 albidumque
1132 3503 1301 3603 petiolum

226 3615 229 3622 ’
313 3620 468 3716 parvula
478 3625 729 3698 excrescentia
748 3622 938 3720 pendebat
955 3624 1063 3712 levis,
1083 3639 1119 3696 et
1139 3651 1184 3696 ex
1198 3619 1300 3693 rubro

314 3733 566 3838 fusca‚fignra
581 3743 708 3812 minus
722 3741 878 3839 quidem
899 3741 1087 3841 oblonga,
1110 3742 1176 3814 sed
1197 3754 1302 3812 cetera

314 3853 394 3949 ejus
414 3847 616 3952 persimilis
640 3860 799 3935 minoris
815 3861 1075 3931 excrescentia
1094 3885 1176 3959 quae
1199 3861 1235 3930 in
1252 3876 1301 3928 su·

312 3958 464 4070 periore
480 3973 848 4054 mulierenovissime
864 3978 1052 4078 descripta
1065 3993 1131 4053 est.
1375 3961 1376 3964 ¹
