2814 4674
286 418 330 493 32
448 441 495 488 ns
521 439 667 490 sumnus
691 441 736 488 rr
761 441 884 490 causis
910 443 1116 492 monroauu
1226 487 1232 498 .

284 579 371 654 nem
395 553 623 641 retardatur,
642 553 749 626 sicin
770 568 873 628 ortos
896 569 983 628 ante
1006 555 1068 628 illa
1091 555 1287 632 obstacula

284 697 430 757 ramos,
449 674 487 742 in
509 673 706 770 ipsumque
725 672 882 770 splenici
900 673 1048 744 initium
1073 689 1110 748 et
1129 675 1287 775 pet-bre·

283 815 367 860 vem
388 789 546 860 coeliacae
571 803 748 860 truncum
772 803 853 864 tum
874 813 1008 886 magua
1023 814 1113 889 pars
1133 795 1283 891 sangui·

283 909 366 994 nis,
389 922 470 976 tum
496 903 607 1002 hujus
625 906 788 1003 impetus
809 903 1030 992 reflectitur,
1049 923 1091 977 ut
1111 907 1141 980 si
1159 907 1296 1004 aliqua

282 1049 327 1096 ex
351 1022 431 1096 aliis
464 1023 614 1095 accedat
645 1024 785 1110 causis,
808 1047 891 1121 qum
917 1026 1064 1120 gravius
1084 1039 1120 1096 et
1144 1024 1286 1096 diutius

282 1155 388 1239 agat,
405 1138 548 1212 facilius
561 1165 783 1238 aueurysma
799 1154 985 1214 nascatur.
999 1140 1070 1214 Sed
1084 1143 1152 1212 etsi
1166 1157 1222 1214 tot
1231 1141 1285 1214 ihi

282 1259 355 1330 sint
374 1265 535 1344 arteria,
554 1282 626 1330 nec
643 1283 720 1328 una
735 1281 844 1330 causa
863 1257 914 1328 ob
934 1283 1047 1356 quam
1065 1258 1284 1345 dilatentur;

282 1377 390 1474 plur'a
413 1401 567 1474 quoque
590 1389 678 1448 sunt
697 1401 780 1473 quae
805 1391 934 1448 cautos
954 1376 1113 1450 reddere
1130 1403 1200 1450 nos
1217 1379 1283 1450 de·

279 1493 415 1581 beant,
432 1519 480 1564 ne
497 1494 748 1592 pulsationem
779 1491 984 1591 aliquando
1011 1518 1082 1592 pro
1102 1519 1284 1595 aneurys·

279 1612 388 1682 matis
395 1615 472 1708 jam
484 1612 558 1683 orti
576 1610 718 1684 indicio
736 1633 933 1709 perperam
951 1613 1188 1709 accipiamus.
1202 1616 1282 1686 Pri·

279 1753 383 1800 mum
400 1745 454 1802 est
474 1728 625 1826 grandis
645 1728 803 1814 macies,
819 1743 861 1800 ut
881 1729 989 1802 exiis
1008 1729 1118 1800 etiam
1141 1729 1281 1830 colligi·

278 1871 361 1934 mus
371 1873 453 1945 quac
466 1847 556 1917 olim
569 1846 878 1943 Berengarius(1)
891 1844 1103 1934 admonuit,
1115 1862 1155 1937 ut
1170 1848 1281 1920 aliam

277 1964 519 2062 redargueret
534 1963 786 2060 quorumdam
804 1961 1086 2034 medicorumiu
1097 1965 1278 2036 emaciata

276 2082 433 2154 muliere
453 2079 726 2177 deceptionem.
753 2078 947 2151 Mediantc
961 2103 1099 2175 magna
1114 2085 1276 2167 arteria,

276 2199 420 2296 inquit,
443 2203 605 2268 inaximo
620 2201 658 2266 in
675 2198 892 2294 corporibus
914 2202 1144 2284 extenuatis,
1156 2203 1278 2296 perci·

270 2321 378 2414 pitur
391 2338 530 2412 magna
539 2313 709 2411 pulsatio
729 2319 767 2382 in
786 2318 935 2410 regione
959 2315 1142 2386 stomachi
1164 2329 1202 2386 et
1225 2319 1279 2385 in·

276 2439 500 2504 testinorum.
523 2434 555 2502 N
559 2455 600 2502 ec
619 2429 801 2502 dubitavit
819 2433 979 2528 Prosper
998 2431 1205 2504 Martianus
1222 2431 1279 2528 (a)

274 2551 334 2644 vel
347 2553 542 2642 maximam
554 2549 654 2620 illam
668 2549 920 2646 pulsationem
932 2549 984 2620 sic
997 2548 1278 2647 explicarequae

273 2668 313 2738 in
337 2665 466 2738 eadem
492 2689 648 2764 prorsus
671 2665 757 2736 sede
779 2667 817 2734 in
846 2689 919 2762 qua
949 2680 1084 2736 nostra.
1106 2666 1245 2765 virgini
1264 2721 1276 2753 ,

132 2766 136 2775 ¹
174 2822 177 2833 =
272 2784 435 2856 Eratolai
453 2781 531 2853 filiu
549 2780 661 2854 fuisse
677 2781 854 2852 scribitur
872 2779 968 2852 libro
986 2785 1052 2852 vlt
1069 2781 1276 2878 epidemio-

176 2907 180 2922 “
273 2928 357 2974 rum
372 2901 448 2998 (3)
469 2899 527 2972 bis
557 2899 683 2971 verbis
702 2926 709 2966 :
731 2904 769 2968 in
788 2898 910 2970 medio
937 2883 1104 2970 umbilici
1121 2915 1160 2972 et
1182 2905 1276 2972 ossis

266 3025 448 3119 pectoris,
467 3023 566 3089 circa
589 3017 688 3086 hanc
712 3021 899 3112 regionem
926 3021 1104 3113 apposita
1132 3039 1249 3088 manu
1261 3072 1273 3107 ,

272 3137 357 3208 talis
375 3150 457 3206 erat
470 3132 695 3232 palpitatio,
712 3128 966 3228 qualitateque
978 3157 1140 3222 ccursu,
1152 3160 1274 3232 neque

270 3281 296 3324 a
303 3279 448 3352 pavore
465 3259 565 3324 circa
578 3274 644 3336 cor
654 3254 829 3345 generari
834 3264 972 3346 posset.
988 3253 1071 3322 Haec
1086 3266 1209 3324 autem
1223 3251 1271 3328 de

268 3373 443 3443 Martiani
458 3370 663 3452 sententia,
683 3365 780 3436 nihil
792 3364 901 3438 aliud
911 3383 1009 3454 erat,
1023 3393 1137 3466 quam
1149 3386 1272 3442 motus

269 3495 420 3562 arteriae
438 3507 608 3582 magnae,
633 3490 700 3580 qui
724 3489 762 3554 iu
779 3483 874 3562 ¹aliis
894 3509 919 3554 a
942 3507 1054 3558 carne
1076 3489 1272 3584 interjecta

303 3792 349 3869 (1)
369 3765 534 3848 Commeat.
549 3805 569 3862 9
584 3803 673 3861 super
683 3797 761 3842 anat.
774 3785 924 3842 Mundini.

305 3891 350 3966 (a)
369 3889 406 3945 N.
430 3888 459 3942 3.

303 3986 346 4064 (3)
367 3991 481 4042 Annot.
494 3986 620 4041 advers.
633 3979 688 4056 tt,
703 3995 774 4042 sect.
785 4001 818 4056 a,
833 3999 948 4042 cascar.
958 3993 1084 4058 ρωποι.

392 4213 402 4257 l
