2790 4668
294 409 363 484 512
464 435 510 482 or
537 433 684 482 sumnus
710 433 753 480 er
779 431 904 480 caosrs
930 429 1140 480 nonronuu

294 575 391 624 cavae
410 564 548 621 trunco
573 547 754 645 oblonga,
785 561 822 618 et
849 570 972 618 crassa
1001 561 1082 618 erat
1110 548 1304 618 concretio

278 668 484 766 ,polyposa
509 665 676 738 Tandem
705 663 811 762 quod
839 663 886 735 ad
918 647 1116 736 muliebria
1149 665 1304 750 attinet,

293 801 425 858 uterus
446 785 596 856 sinistro
631 782 738 854 lateri
769 781 964 880 aliquanto
1005 783 1167 882 propior
1207 797 1306 882 erat,

294 927 408 1001 quam
428 900 606 989 dexteru,
624 915 660 971 et
676 915 891 970 antrorsum
911 899 1147 972 concidebat.
1171 899 1308 970 Ovaria

289 1019 506 1118 .praelonga,
526 1017 591 1090 sed
609 1015 733 1104 exilia,
752 1015 855 1105 alba,
879 1017 974 1089 dura
999 1043 1084 1089 cum
1105 1043 1153 1088 eo
1170 1018 1308 1115 junge·

295 1138 437 1212 bantur
449 1160 518 1235 per
537 1160 602 1208 sua
615 1134 781 1223 vincula,
794 1161 874 1206 non
889 1137 1003 1234 paulo
1015 1161 1129 1234 quarn
1144 1136 1309 1222 soleant,

299 1256 492 1327 crassiora.
509 1255 600 1344 Quae
617 1277 686 1351 per
705 1253 777 1328 lata
790 1255 889 1326 uteri
900 1254 1052 1326 vincula
1066 1253 1310 1341 discurrunt,

297 1397 384 1446 vasa
414 1375 525 1471 nigro
550 1372 731 1470 sanguine
757 1372 871 1443 nimis
893 1371 1113 1472 turgebant,
1144 1370 1211 1444 hic
1236 1371 1311 1442 illic

256 1537 258 1544 ,
299 1493 477 1564 varicoso.
501 1494 597 1562 Cum
622 1513 642 1559 a
663 1513 810 1561 summo
829 1505 939 1561 utero
965 1488 1012 1560 ad
1029 1491 1147 1560 imum
1167 1491 1311 1587 vaginae

301 1606 488 1682 orificium
513 1608 725 1679 sectionem·
744 1606 1025 1706 perduxissem
1052 1604 1161 1677 fundi
1191 1607 1312 1693 illius,

301 1743 339 1805 et
351 1728 578 1800 continuatae
598 1725 752 1796 cervicis
769 1749 901 1797 cavum
917 1749 1031 1795 muco
1044 1724 1202 1823 plenum
1218 1724 1314 1810 vidi,

298 1843 478 1943 gelatinae
490 1844 607 1915 instar
620 1840 737 1913 ferme
755 1841 1169 1941 perspicu03nulloque
1183 1843 1314 1914 colore

303 1959 464 2049 inlecto,
490 1979 526 2032 et
541 1987 587 2032 eo
611 1961 805 2046 tenuiore,
839 1961 906 2058 qui
938 1959 985 2031 ad
1008 1967 1106 2052 uteri
1139 1961 1317 2032 osculum

304 2104 383 2152 esse
403 2079 619 2165 consuevit,
639 2103 762 2183 neque
787 2077 851 2150 hic
871 2076 1009 2148 deerat.
1038 2079 1151 2148 Muco
1173 2077 1244 2148 illo
1264 2103 1317 2149 su·

305 2198 455 2294 periore
482 2195 678 2294 adempt0,
701 2197 856 2268 minima
884 2186 1173 2307 e'xcrescentiaq
1186 2193 1318 2266 circuli

306 2311 423 2386 ferme
446 2313 607 2404 ambitu,
636 2341 681 2386 ex
712 2313 832 2385 rubro
855 2301 984 2402 fusca,
1011 2315 1143 2386 leviter
1170 2331 1315 2385 exstare

308 2449 509 2532 conspecta
542 2448 597 2506 est
623 2431 773 2504 efundi
803 2434 998 2542 interiore·
1015 2430 1118 2504 faeie.
1149 2436 1315 2532 Dempto

307 2567 431 2624 autem
470 2575 596 2624 crasso
628 2549 807 2624 inferiore
837 2575 971 2639 muco,
997 2551 1126 2622 infima
1160 2553 1316 2624 cervicis

307 2693 394 2768 pars
416 2668 576 2742 insolitis
599 2668 825 2766 quibusdam
857 2669 965 2740 lineis
992 2655 1189 2767 inaequalis
1211 2696 1317 2770 appa·

288 2790 383 2858 ruit
398 2786 604 2875 brevibus,
624 2784 862 2876 rubicundis,
880 2787 1091 2865 secundum
1114 2789 1317 2888 longitudi-

309 2931 398 3011 nem
415 2905 567 3004 positis,
586 2920 622 2976 et
642 2905 820 2976 nonnihil
844 2904 1161 3004 prominentibus.
1176 2911 1318 3006 Vagina

311 3028 380 3100 etsi
402 3025 547 3122 rugisa
576 3024 713 3108 medio·
728 3023 906 3098 deorsum
944 3051 1024 3096 non
1043 3025 1220 3116 carebat,
1243 3043 1317 3098 erat

311 3169 382 3242 pro
402 3157 562 3231 statura,
581 3167 695 3240 quam
712 3143 942 3216 mediocrem
960 3141 1073 3216 fuisse
1093 3142 1192 3233 dixi,
1214 3171 1318 3244 aequo

311 3263 486 3358 longior,
510 3277 547 3333 et
558 3260 691 3348 latior,
715 3260 980 3360 condebatque
1006 3262 1177 3359 ligneum
1208 3289 1320 3335 annu-

312 3379 411 3464 lum,
445 3378 643 3476 prolapsus
674 3378 877 3468 indicium,
904 3405 949 3450 eo
968 3381 1042 3450 situ
1060 3375 1229 3450 locatum
1250 3404 1319 3480 quo

313 3496 403 3567 alias
433 3495 568 3568 vidisse
595 3521 674 3567 non
704 3499 869 3567 memini.
912 3501 1007 3568 Cum
1038 3499 1141 3567 enim
1176 3499 1322 3597 ellypsis

314 3609 434 3699 forma
454 3629 571 3702 esset,
593 3613 805 3711 longiorem
827 3639 934 3684 axem
951 3615 1164 3686 secundum
1184 3619 1319 3715 vagina

260 3829 262 3836 y
314 3731 593 3830 longitudinem
616 3747 796 3803 statutum
823 3731 1003 3822 habebat,
1026 3732 1246 3806 breviorem
1268 3760 1320 3806 au·

313 3863 414 3938 tem,
435 3848 500 3920 sed
522 3851 572 3920 ita
589 3848 821 3938 breviorem,
852 3867 894 3922 ut
913 3867 1039 3923 tamen
1067 3851 1234 3924 multum
1253 3853 1320 3925 dis·

312 3967 486 4038 tenderet
532 3981 740 4074 utrumque
774 3968 870 4043 latus
905 3959 1074 4068 vaginae,
1117 3972 1320 4046 secundum
