2810 4668
288 409 358 499 584
454 433 500 482 oe
527 431 672 482 sumnus
698 431 740 478 ar
765 427 890 478 crosis
915 429 1124 478 noseorum

287 547 475 648 quidquid
499 573 543 618 ex
563 543 787 644 genitalibus
800 547 880 640 ejus
897 546 1041 642 potuit,
1056 546 1207 616 allatum
1220 561 1280 617 est.

288 668 407 738 Testis
427 667 548 752 enim,
575 679 611 735 ct
641 661 731 734 tuba
756 661 908 734 dextera
931 665 1111 752 intense,
1139 679 1177 734 et
1202 687 1281 734 eum

286 785 460 882 proximo
483 783 567 854 colo
588 782 766 852 intestino
784 780 979 876 glutinata,
998 793 1135 878 magna
1148 781 1225 876 jam
1243 805 1283 850 ex

286 916 393 1000 parte
417 899 589 972 abscessu
621 913 799 994 corrupta
834 895 1003 986 fuerant,
1030 923 1146 995 quem
1177 897 1285 992 febris

286 1017 406 1104 illius,
424 1041 467 1090 ae
484 1019 614 1088 mortis
630 1017 854 1114 praecipuam
876 1039 1024 1088 causam
1043 1015 1177 1104 fuisse,
1199 1015 1286 1086 arbi·

286 1151 377 1207 tror.
391 1135 504 1238 'Uteri
520 1135 844 1221 constitutionem,
858 1159 1052 1232 puerperae
1068 1135 1287 1205 convenien-

286 1267 381 1340 tem,
402 1253 476 1322 alio
494 1251 704 1324 describam
729 1252 843 1322 loco:
877 1254 977 1324 satis·
993 1251 1055 1323 hie
1085 1253 1158 1324 erit
1189 1251 1286 1348 quod

287 1369 507 1441 morbidum
526 1373 732 1456 visumst,
755 1370 946 1441 adnotare.
977 1369 1125 1474 Scilicet
1142 1395 1286 1440 corona

289 1489 407 1559 osculi
423 1477 509 1588 pars
524 1488 714 1586 quaedam,
729 1489 917 1559 anteriora
939 1503 1126 1585 spectans,
1156 1511 1204 1558 ex
1219 1489 1286 1558 vio

287 1605 392 1676 laceo
412 1597 643 1704 nigrieabat:
665 1606 730 1678 sed
756 1621 794 1677 et
825 1605 986 1676 secando
1011 1606 1058 1677 ab
1090 1605 1288 1677 osculo⁴ad

186 1753 188 1758 ·
289 1727 442 1795 cervicis
459 1750 579 1822 usque
598 1723 845 1822 longitudinis
860 1722 1045 1804 medium,
1064 1725 1164 1794 intra
1180 1724 1289 1820 hujus

289 1845 474 1942 parietum
502 1841 748 1916 substantiam
781 1841 1016 1938 nigredinem
1047 1842 1291 1914 animadverti

290 1962 397 2058 quasi
413 1962 605 2061 sanguinis
623 1962 721 2031 intra
733 1959 885 2030 dilatata
894 1983 979 2030 vasa
994 1958 1242 2031 subsistentis.

340 2082 457 2151 Testis
499 2079 664 2176 denique
704 2079 851 2150 sinister
888 2078 1015 2150 colore
1055 2077 1229 2174 quidem,
1257 2091 1293 2148 et

291 2195 552 2290 magnitudine
566 2221 687 2267 asauo
701 2219 944 2294 quocumque
957 2221 1036 2267 non
1048 2194 1290 2294 discrepabat.

292 2312 446 2382 Mollior
473 2327 600 2385 tamen
632 2329 733 2401 erat,
770 2329 968 2412 sectusque
1004 2312 1224 2402 humidior,
1255 2328 1293 2382 ut

293 2431 400 2526 quasi
412 2457 455 2501 ex
465 2432 633 2528 gelatlna
642 2433 792 2530 potius,
805 2457 919 2530 quam
931 2453 977 2504 ex
990 2432 1060 2502 alia
1073 2429 1293 2515 substantia,

292 2547 410 2650 factus
437 2548 556 2621 videri
576 2566 711 2648 posset.
744 2551 848 2622 Nihil
873 2575 1034 2647 usqua-m
1072 2550 1187 2636 lutei,
1205 2549 1295 2621 nihil

292 2669 541 2740 vesicularum
557 2667 645 2756 fuit,
662 2671 692 2740 si
705 2669 878 2740 cellulam
887 2670 1048 2766 excipias
1058 2667 1295 2765 sphaericam,

268 2789 417 2884 ‚exigui
434 2781 513 2858 uva
530 2788 628 2858 acini
646 2786 925 2885 magnitudine,
944 2788 1119 2874 inanem,
1136 2812 1183 2857 ex
1204 2811 1294 2857 cras·

294 2905 474 2990 siuseula,
493 2904 693 3002 albidaque
714 2907 842 2976 tunica
862 2904 1005 2976 factam.
1032 2907 1125 2995 Quae
1144 2905 1295 2989 cellula,

294 3022 365 3093 snb
383 3025 462 3120 ipsa
483 3025 586 3095 testis
604 3024 823 3095 membrana
845 3025 931 3110 sita,
955 3022 1138 3092 indicium
1158 3024 1218 3094 sui
1236 3022 1296 3092 de·

295 3137 401 3210 derat
430 3143 650 3238 priusquam
680 3141 742 3212 ille
762 3141 1003 3212 incideretur.
1024 3143 1118 3212 Nam
1142 3139 1299 3212 subobs-

294 3282 384 3328 cura
400 3258 506 3355 quasi
517 3260 710 3346 cicatrice,
728 3259 762 3329 ei
774 3258 914 3328 cellulae
930 3257 1209 3355 respondente,
1222 3258 1298 3330 sub

198 3414 200 3419 ·
294 3372 379 3445 flavi
396 3374 575 3471 quiddam
592 3377 771 3473 transpici
789 3375 998 3446 videbatur.
1092 3367 1097 3375 ’

294 3609 373 3680 rius
392 3610 511 3697 tubae,
529 3612 796 3687 constitutione
817 3627 1015 3709 capturum
1034 3627 1070 3682 te
1087 3635 1171 3682 esse
1191 3636 1296 3709 argn-

294 3740 466 3796 mentum
483 3727 530 3798 ad
548 3730 771 3834 sententiam
788 3728 1086 3826 impugnandam
1101 3753 1184 3824 quae
1197 3751 1294 3798 nunc

296 3844 530 3916 doctioribus
547 3845 752 3944 plerisque,
772 3862 834 3917 aut
846 3863 953 3918 certe
968 3837 1066 3918 bene
1083 3845 1215 3916 multis
1229 3845 1294 3942 pla-

297 3977 357 4034 cet
370 3961 416 4030 de
429 3986 499 4033 usu
516 3964 668 4034 istarum
691 3965 970 4060 particularum.
992 3963 1187 4062 Ejusmodi
1201 3961 1294 4035 enim

344 3493 400 3562 28.
420 3495 505 3564 Non
521 3509 629 3590 put0‚
647 3519 690 3563 ex
710 3493 780 3562 hac
798 3496 1001 3590 utriusque
1020 3494 1146 3582 testiS,
1165 3508 1204 3564 et
1216 3493 1297 3564 alte·
1387 3499 1388 3510 *
