2746 4674
264 439 331 527 148
420 463 466 508 un
492 457 638 508 sumnus
662 457 706 504 rr
732 453 856 504 causis
881 449 1110 504 atoaronuu'

260 577 399 646 mirum
422 571 512 659 suit,
531 573 723 667 postremo'
737 573 822 640 aute
837 567 984 641 obitum
1001 585 1174 667 tempore
1193 569 1274 640 illo-

259 717 346 762 rum
377 689 604 788 quidquam3
635 687 777 757 nemini
801 685 1101 758 'certe‘obscura
1135 685 1271 758 fuisset
1358 781 1359 790 ἵ

262 833 372 880 causa
389 831 456 878 cur
473 805 714 891 accidissent,
730 818 773 874 ut
798 819 930 874 contra
954 819 1009 874 est
1026 805 1066 874 in
1086 803 1271 899 Ruyschii

260 922 596 996 observationibus.
614 923 724 992 Nunc
742 921 772 991 si
784 937 918 1018 praeter
932 923 1116 992 exteriora
1130 920 1271 992 tubera
1358 995 1359 1012 q

262 1024 484 1137 aliquidaut
506 1039 559 1109 ibi
583 1054 647 1109 aut
672 1039 774 1108 intus
801 1032 936 1134 ponas,
955 1038 1060 1134 quod
1087 1039 1271 1108 attentius
1358 1037 1359 1042 ’

261 1156 509 1254 inspectando
542 1153 854 1250 observandoque
890 1153 1000 1226 liceat
1030 1154 1271 1225 animadver-

259 1290 365 1360 tere,
381 1289 422 1344 ut
439 1275 478 1342 in
500 1274 640 1342 nostris
663 1269 738 1342 lere
758 1271 936 1343 omnibus
951 1271 1138 1359 historiis,
1164 1271 1271 1342 unde

263 1413 346 1486 quae
366 1391 594 1489 praecesserit
612 1389 872 1484 inaequalitatis
899 1412 1009 1460 causa
1026 1389 1163 1485 conjici
1178 1413 1271 1488 pos-

260 1509 325 1593 sit,
351 1521 388 1577 et
410 1505 488 1576 haec
515 1506 595 1602 ejus
620 1506 788 1602 generis,
815 1520 857 1575 ut
883 1505 1034 1577 dolores
1053 1530 1207 1602 quoque
1233 1520 1272 1576 et

194 1694 198 1698 .
259 1624 454 1720 sanguinis
466 1623 622 1693 mictum
639 1619 772 1694 efferre
785 1623 965 1709 valuerit3
980 1622 1187 1694 indicatum
1198 1621 1270 1694 for·
1358 1609 1359 1658 ⁷

259 1740 559 1820 tasseyidebitur
578 1738 773 1836 quidpiam
790 1738 895 1836 quod
908 1763 928 1809 a
940 1739 1267 1813 verisimilitudine

259 1885 340 1930 non
360 1857 571 1928 abhorreat.
587 1859 656 1924 Fac
673 1857 785 1952 igitur
808 1856 1137 1953 pluresexstitisse
1157 1873 1267 1928 antea
1358 1891 1359 1936 1

261 1977 301 2044 in
321 1974 422 2043 renis
442 1968 640 2067 superficie
658 1995 701 2040 ex
722 1971 927 2044 illiscaveis
944 1996 1027 2043 sero
1038 1972 1161 2069 plenis
1174 1997 1267 2070 quas

262 2091 343 2160 aliis
363 2091 494 2158 litteris
513 2086 569 2180 (1)
589 2085 706 2158 fusius
722 2091 947 2176 memoravi,
966 2104 1002 2160 et
1016 2113 1179 2186 quarum
1192 2113 1269 2161 una

262 2207 456 2278 etiamtum
474 2219 668 2300 supererat
687 2205 724 2272 in
747 2203 960 2276 stabulario.
984 2211 1056 2276 Pro
1080 2207 1153 2278 seri
1168 2207 1268 2278 illius
1358 2205 1359 2210 ’

262 2325 405 2394 acriore
423 2319 627 2416 aliquando
652 2335 805 2410 natura,
834 2325 871 2393 et
887 2322 1029 2394 lacessi·
1041 2349 1110 2393 ren
1125 2326 1269 2421 potuit,

262 2455 299 2510 et
314 2462 377 2508 vas
394 2436 547 2534 aliquod
567 2435 822 2535 sanguiferum
845 2438 972 2525 erodi,
990 2439 1092 2510 unde
1118 2443 1268 2539 sangui·
1358 2451 1359 2478 ³

261 2579 355 2626 neus
380 2556 514 2626 mictus
532 2570 568 2624 et
585 2549 713 2642 dolor,
734 2580 847 2651 quem
865 2581 888 2650 a
903 2557 976 2628 seri
991 2581 1145 2654 quoque
1162 2561 1269 2658 eopia

262 2689 343 2744 tum
357 2671 606 2759 distendente,
617 2685 697 2742 tum
712 2674 823 2742 etiam
838 2680 1027 2770 gravante,
1040 2676 1169 2770 augeri
1183 2699 1270 2746 con·

260 2791 395 2888 tigerit.
425 2793 520 2872 Sero
547 2803 669 2858 autem
694 2788 759 2858 illo
791 2790 993 2886 dissipato,
1034 2791 1270 2864 cicatricosas
1358 2777 1359 2786 ἵ

263 2908 428 2992 maculas
453 2921 489 2976 et
513 2893 780 3002 'depressiones
809 2907 974 3001 relinqui
1007 2907 1269 2997 ostendimus,

264 3047 402 3120 easque
418 3024 456 3090 in
468 3023 591 3118 aliqua
609 3023 720 3091 etiam
740 3047 785 3091 ex
800 3023 915 3093 modo
936 3023 1130 3120 productis
1150 3023 1270 3098 histo·
1358 3035 1359 3062 ¹

198 3220 200 3224 ¹
263 3139 485 3234 riis(2)non
502 3139 659 3206 omnino
676 3137 855 3210 obscuras
873 3167 880 3208 :
901 3163 994 3236 quas
1008 3141 1273 3216 inter'crebras

265 3256 525 3353 depressiones
545 3255 606 3324 hic
624 3255 701 3350 illic
721 3257 1063 3352 prominensillaesa
1073 3260 1176 3331 renis
1188 3261 1271 3332 sub·
1358 3297 1359 3300 ¹

249 3373 419 3470 stantia,
444 3371 665 3468 inaequalem
684 3369 793 3448 faciet
819 3372 1074 3472 superficiem,
1094 3389 1131 3446 et
1141 3435 1145 3441 ,,
1159 3377 1269 3450 tube·
1358 3467 1359 3474 ἵ

264 3514 351 3560 rum
370 3488 533 3584 speciem
557 3491 848 3586 repraesentabit.
870 3495 1001 3587 Itaque
1028 3491 1144 3589 habes
1177 3494 1269 3590 quid
1357 3525 1359 3532 ⁴

160 3611 161 3614 ’
266 3605 362 3677 mihi
374 3604 520 3674 venerit
538 3604 577 3671 in
593 3621 760 3676 mentem
777 3609 872 3678 rein
893 3607 1053 3678 obscura
1072 3607 1267 3707 etvperdif-
1358 3609 1359 3616 '

308 3889 352 3964 (1)
374 3888 469 3962 Epist.
486 3888 539 3956 38,
555 3907 583 3944 n.
600 3891 636 3965 39
650 3901 678 3978 et
690 3911 750 3966 seq.

308 3988 352 4068 (s)
370 3991 407 4056 N.
424 4007 458 4048 21
475 3999 504 4045 et
519 3988 565 4045 23.
650 4005 656 4018 ·
