2726 4676
315 443 384 515 306
481 467 526 512 na
553 463 698 512 sectans
724 467 766 510 eT
792 464 915 510 causis
942 465 1147 512 nonnonon

310 578 445 651 eccidit
476 578 579 662 solis,
612 578 842 674 minimaque
883 591 938 648 est
972 597 1085 674 quam
1127 575 1230 649 semel
1251 575 1285 646 in

309 695 463 766 homine
486 693 692 788 Blasius(1)
709 693 974 790 deprehendit:
997 689 1201 766 secundum
1216 693 1287 762 lon-

308 813 515 911 gitudinem
531 833 642 898 ver0,
665 825 707 881 ut
738 811 837 881 idem
859 811 999 882 Blasius
1027 811 1081 909 (a)
1103 813 1142 880 in
1169 811 1289 897 altero,

308 931 500 1025 conspexit
518 930 619 1016 viro,
636 929 676 996 in
689 951 766 1024 quo
779 941 906 997 tamen
925 951 992 1024 per
1004 943 1210 998 accuratam
1221 949 1286 999 sec·

168 1130 174 1156 l
241 1111 243 1116 .
304 1049 448 1116 tionem
462 1046 622 1132 invenit,
640 1044 734 1116 duas
760 1045 884 1140 potius
908 1041 1019 1116 fuisse
1047 1045 1187 1116 vesicas
1202 1045 1285 1114 inter

303 1183 343 1234 sc
361 1163 499 1257 junctis
515 1161 692 1232 lateribus
721 1161 1015 1258 conglutinatas,
1046 1185 1158 1259 quam
1187 1179 1285 1232 unam

301 1299 372 1377 per
395 1280 640 1377 sepimentum
658 1277 823 1348 divisum.
845 1279 962 1369 Quale
987 1283 1113 1350 aittem
1132 1295 1284 1378 septum,

300 1411 339 1468 et
356 1396 551 1494 quomodo
568 1398 679 1467 situm
699 1395 737 1465 id
760 1395 890 1484 fuerit,
910 1396 1013 1493 quod
1032 1399 1072 1468 in
1091 1399 1174 1468 viro
1193 1399 1284 1496 prin·

299 1516 384 1612 cipe
405 1521 595 1612 repentino
623 1515 673 1583 ait
702 1511 893 1585 Bauhinus
922 1511 999 1610 (3),
1025 1514 1118 1584 mihi
1145 1514 1281 1613 quidem

296 1651 376 1703 non
394 1633 523 1729 liquet.
543 1631 642 1702 lilud
661 1631 796 1728 liquet,
819 1630 921 1728 quod
940 1645 997 1702 tot
1017 1647 1192 1706 auctores
1204 1633 1281 1704 scri-

295 1749 413 1835 bunt,
439 1773 460 1820 a
486 1750 635 1819 Coitero
654 1750 693 1817 in
721 1751 864 1847 virgine
890 1773 1004 1846 quam
1027 1749 1117 1822 elias
1144 1771 1281 1848 quoque

295 1865 619 1936 commemorandi
635 1867 870 1937 occasionem
888 1865 1022 1955 habui,
1042 1864 1156 1940 fuisse
1174 1868 1280 1938 inven-

293 1999 374 2054 tum
386 2038 395 2069 ,
406 1983 595 2053 neminem
610 2006 741 2053 eorum
750 1981 864 2055 fuisse
879 1986 1125 2082 scripturum,
1138 1987 1172 2056 si
1182 1981 1278 2083 paulo

294 2103 470 2172 attentius
484 2102 671 2170 Coite'rum
696 2099 880 2198 legissent.
899 2089 966 2174 Hic
987 2105 1089 2174 enim
1113 2103 1174 2201 (4)
1190 2099 1275 2172 nulla

290 2239 449 2312 usquein
467 2217 561 2314 septi
582 2217 772 2287 mentione
790 2218 902 2301 facta,
919 2219 959 2288 in
978 2239 1074 2289 ease
1094 2224 1277 2298 invenisse,

290 2335 455 2430 primum
487 2331 639 2430 quidem
672 2332 847 2423 tradidit,
877 2333 973 2404 duas
991 2341 1133 2406 vesicas
1162 2339 1272 2406 urina·

291 2455 387 2537 rias,
410 2450 569 2520 alteram
596 2449 824 2538 naturalem,
851 2467 888 2522 et
908 2457 946 2521 in
965 2477 1035 2523 saa
1057 2452 1144 2523 seda
1171 2447 1271 2524 collo·
1345 2515 1346 2569 ,

291 2584 432 2653 catam,
453 2567 611 2638 alteram
638 2591 686 2638 cx
713 2575 876 2640 matricis
897 2568 987 2641 colli
1012 2569 1148 2641 dextro
1175 2569 1273 2640 latere

280 2702 527 2786 prognatam,
549 2685 717 2756 natarali
702 2693 863 2758 tvesica
888 2687 1005 2788 duplo
1033 2695 1143 2785 quasi
1164 2686 1270 2782 majo-

287 2829 383 2891 rem,
404 2804 494 2874 lotio
499 2798 774 2926 plenissimam
785 2819 822 2875 ct
834 2804 984 2876 duabus
993 2809 1142 2893 tamam,
1163 2817 1203 2874 ut
1215 2825 1268 2870 aa

288 2919 418 2992 taralis
436 2925 577 3006 vesica,
603 2883 843 3026 praeditam:
872 2923 932 2992 lac
956 2921 1098 2993 nullam
1124 2934 1267 2993 necatam

186 3061 187 3064 ’
285 3063 424 3136 aquam
454 3036 520 3109 vel
546 3043 815 3126 immzttentem,
847 3037 912 3110 vel
947 3041 1176 3112 emittentem
1193 3045 1265 3108 cod·

284 3169 446 3254 spectum
462 3157 595 3246 faisse.
626 3151 728 3225 Infm
756 3156 1001 3243 atitetn,‚1'1bi
1032 3160 1151 3254 quaeri
1172 3171 1264 3252 posse

284 3271 390 3357 dixit,
408 3269 595 3368 quomodo
611 3285 792 3366 generata
811 3271 1028 3345 hoecvesica
1042 3285 1262 3359 mennatum

284 3388 348 3477 lis,
365 3414 590 3488 caperqaas
601 3394 686 3461 vias
701 3397 810 3464 urina
825 3396 991 3487 ingressa
1005 3397 1052 3462 sit
1068 3397 1106 3460 ia
1120 3392 1261 3462 vesicam

353 3699 511 3779 )Part.,
479 3704 591 3766 tobs.
605 3705 682 3760 med.
702 3704 746 3760 18.

351 3801 461 3879 )Ibid
474 3801 600 3877 ohs.1‘9.

351 3902 503 3977 )Theatr.
518 3914 595 3958 nnat
610 3905 629 3957 l.
648 3917 680 3972 1,
694 3901 897 3971 c.,31not.k.

352 4010 361 4074 i

383 3999 454 4104 045
471 4012 548 4057 anat

321 3702 331 3781 (

319 3802 329 3876 (

318 3901 329 3976 (

320 3996 355 4062 i

336 3723 348 3757 1

333 3818 349 3858 2

332 3904 348 3958 3

324 4008 347 4076 4
