2746 4674
187 433 260 530 ιιι.Ι
281 483 336 530 ιιι.
366 483 413 528 nu
440 481 575 528 nonme
596 479 775 544 saurais,
799 480 912 530 misr.
940 481 996 526 xe.
1029 455 1096 532 135

33 623 35 688 ,3
103 602 279 668 inusitatae
280 595 407 686 ferire
403 595 565 690 figurae,
576 608 707 691 utpote
721 593 787 690 qui
798 597 836 664 in
844 591 982 692 plures.
989 592 1099 666 lotos

33 717 34 740 ³
103 720 206 784 turtur
217 716 315 782 renis
334 701 488 785 vitulini
487 708 722 806 findebatur.
743 715 814 782 Fac
836 711 941 787 enim
965 733 1098 787 eorum

104 828 161 903 tibi
177 829 301 902 veniat
315 829 355 900 iu
375 842 543 906 mentem·
562 851 645 924 quae
669 825 880 923 Ruyschius
902 827 957 922 (1)
982 827 1099 900 semel

104 962 201 1044 atque
216 947 355 1018 iterum
371 943 418 1018 ab
438 969 477 1018 se
491 959 685 1043 comperta
703 943 893 1016 memoriae
911 943 1097 1044 prodidit.

104 1068 179 1136 Post
191 1061 448 1136 intolerabiles
464 1061 682 1134 lumborum
697 1060 867 1151 dolores,
883 1087 963 1134 non
979 1062 1097 1136 calcu·

102 1181 164 1268 los,
178 1196 218 1252 ut
234 1182 315 1279 ipse
331 1199 539 1278 omnesque
557 1179 829 1278 expectabant,
847 1179 913 1254 sed
934 1183 1099 1278 inaequa-

102 1299 164 1370 lem
179 1298 374 1385 duntaxat,
389 1311 431 1370 ut
447 1299 486 1370 in
501 1297 680 1372 humanis
702 1296 855 1372 luctibus
867 1314 904 1370 et
916 1299 955 1370 in
969 1299 1097 1372 vitulis

100 1415 310 1514 bubusque,
338 1440 474 1488 renum
506 1413 744 1514 superficiem
773 1413 863 1489 esse
889 1413 1100 1516 deprehen-

100 1559 178 1606 sam.
207 1539 362 1607 Fatetur
385 1548 512 1606 autem
539 1549 581 1606 ut
605 1558 685 1606 rem
708 1533 779 1606 sibi
806 1521 1015 1606 inauditam
1045 1535 1098 1628 sie

22 1723 25 1732 ,
101 1675 247 1748 quoque
274 1652 577 1749 incompertum,
608 1649 803 1748 quomodo
839 1675 884 1722 ex
913 1650 1100 1746 ejusmodi

98 1783 276 1840 structura
291 1783 367 1840 tam
384 1783 492 1840 atrox
508 1767 618 1840 dolor
638 1783 674 1839 et
689 1767 881 1866 sanguinis
899 1792 994 1866 saepe
1005 1769 1098 1840 mic-

97 1901 151 1958 tus
167 1887 348 1958 existeret.
368 1888 445 1978 Qui
461 1887 610 1958 tametsi
629 1912 651 1958 a
666 1887 830 1958 Willisio
860 1911 939 1958 non
957 1909 1100 1958 memo-

95 2018 213 2092 ratur,
230 2005 354 2102 potuit
372 2019 498 2078 tamen
520 2004 616 2077 illud
637 2005 739 2080 renis
756 2003 932 2078 intimum
953 2005 1098 2094 vitium,

97 2119 195 2218 quod
215 2121 509 2219 inequalitatem
537 2119 749 2222 superficiei
780 2138 848 2194 aut
876 2136 1098 2222 sequeretur

96 2235 325 2324 aunbcaret,
339 2237 501 2312 necdum
523 2239 670 2312 adeum
690 2241 906 2340 pervenisse
925 2239 1096 2339 gradum,

95 2371 131 2428 ut
141 2357 361 2455 sanguinem
383 2356 545 2445 eliceret,
563 2359 629 2456 qui
649 2382 735 2430 cum
749 2358 859 2430 urina
877 2381 1097 2431 excernere·
1161 2422 1163 2433 ι

99 2491 161 2546 tur.
183 2473 295 2568 Quod
311 2476 443 2548 vitium
466 2475 575 2573 quale
594 2477 665 2562 sit,
694 2500 781 2548 cum
805 2474 1017 2574 Ruysehius
1037 2499 1096 2546 co·
1138 2495 1143 2511 ¹

96 2591 263 2666 hortetur
273 2607 426 2666 caeteros
438 2592 486 2666 ad
503 2593 773 2690 inquirendum
788 2619 799 2682 ;
814 2617 893 2666 non
911 2608 998 2664 ante
1011 2593 1097 2690 quis

95 2707 192 2782 laeile
212 2712 389 2806 conjiciat
416 2705 531 2810 quam
551 2713 641 2792 sciat
672 2727 765 2782 num
789 2710 938 2784 adultos
964 2733 1097 2780 omnes

97 2828 228 2926 quibus
254 2853 296 2902 ea
315 2854 448 2902 renum
464 2830 695 2928 inaequalitas
710 2830 775 2918 sit,
796 2827 936 2900 horum
953 2827 1097 2898 crucia·

97 2962 149 3020 tus
172 2945 331 3020 infestet.
379 2987 382 2992 ,
902 3037 905 3044 Ι

140 3091 195 3138 ao.
224 3067 342 3164 igitur
355 3065 384 3137 si
394 3089 477 3163 quoe
494 3064 541 3138 ab
555 3063 832 3164 antiquioribus
843 3065 981 3162 scripta
998 3078 1098 3152 sunt,
1159 3113 1161 3116 -

98 3184 351 3270 attendantur,
371 3208 448 3254 nnn
467 3208 545 3256 esse
564 3182 603 3254 id
617 3205 766 3271 verum,
785 3207 806 3254 a
825 3182 949 3279 primo
962 3179 1097 3282 aliquis
1121 3218 1122 3222 ¹

86 3300 329 3374 existimabit.
347 3301 493 3374 Etenim
512 3325 599 3374 cum
614 3300 830 3374 Aristoteles
839 3297 894 3396 (i)
904 3295 1099 3372 bominum

102 3423 198 3490 renes
223 3417 369 3514 bubulis
393 3416 528 3490 similes
553 3444 628 3491 esse
647 3418 862 3504 tradiderit,
880 3423 1019 3515 quippe
1035 3421 1102 3513 qui

105 3550 279 3634 tanquam
289 3529 484 3634 couzpesiti
496 3562 544 3607 ex
554 3537 678 3608 rrzultis
693 3537 840 3606 renibus
852 3539 995 3630 exiguis
1009 3557 1099 3603 con-

100 3667 206 3742 stent,
232 3677 352 3750 neque
373 3651 576 3750 aequabiles
591 3659 680 3741 sint;
699 3655 738 3726 in
755 3653 945 3752 plerisque
966 3651 1097 3722 saltem

138 3934 178 4010 (1)
197 3905 273 3996 Adi.
286 3949 365 3996 anat.
378 3939 441 3996 dee.
458 3959 487 4010 1,
506 3959 535 3995 n.
550 3959 579 4015 9.

139 4032 180 4114 (a)
199 4039 243 4094 De
254 4039 365 4116 partib.
379 4039 496 4098 animal.
510 4042 530 4097 1.
545 4041 583 4112 3,
596 4059 622 4096 e.
639 4059 668 4115 9.
