2746 4674
159 457 230 505 ΗΒ.
260 456 748 518 111.t>nt10nnlst1tTn1S,
775 457 885 506 sens.
912 457 968 503 xn.
1003 427 1069 502 153

72 571 221 666 pentina
250 571 404 644 tandem
436 596 538 642 mors
565 572 731 668 excepit,
762 573 802 640 in
833 571 946 642 altera
975 569 1072 640 dans

72 686 281 760 lamborum
297 691 489 762 vertebras
505 691 795 780 corrosasfaisse
808 703 983 786 repertas,
995 709 1074 758 ana

73 827 146 873 cnm
165 822 296 880 aortoe
310 821 346 876 et
361 831 469 878 venae
487 819 612 893 cavae,
634 813 695 878 cai
716 815 920 905 sapposs'tae
945 819 1074 889 erant,

72 937 251 1018 raptura,
270 923 369 994 ande
382 948 521 1020 magna
531 949 579 996 ex
596 940 754 1022 atroque
770 924 1073 1014 aasefactafae-

73 1055 129 1108 rat
141 1047 343 1137 sanguinis,
352 1042 391 1110 in
401 1057 572 1115 ventrem
589 1045 725 1135 effimo
740 1070 751 1112 :
766 1041 933 1114 innitere
948 1055 1073 1117 autem

72 1179 218 1228 carnem
236 1158 443 1256 qnamdam
452 1160 672 1256 putridam,
691 1165 930 1256 nigricantem
944 1173 980 1230 ct
992 1181 1074 1228 cor-

73 1290 247 1370 ruptam,
266 1301 349 1372 quae
360 1276 399 1346 in
410 1291 541 1351 ventre
551 1277 606 1347 ad
620 1277 716 1351 dnas
727 1277 934 1374 spithamas
947 1274 1071 1372 longa,

73 1405 105 1458 et
132 1391 300 1464 duarum
328 1407 514 1465 mannam
536 1407 840 1466 transversarnm‘
857 1392 1074 1478 latitudine,

75 1510 218 1603 spinam
236 1511 288 1581 ita
308 1525 492 1598 eroserat,
509 1526 550 1582 at
568 1510 670 1582 alens
688 1535 822 1581 cancro
844 1511 962 1604 simile
970 1536 1073 1607 pag-

75 1650 158 1696 nam
173 1653 329 1726 capere,
358 1643 395 1698 et
422 1628 492 1699 levi
515 1633 588 1698 ictu
607 1643 687 1698 tota
706 1634 815 1725 spina
833 1627 937 1697 dorsi
938 1629 1075 1723 frangi

66 1745 184 1832 facile
197 1753 386 1844 potnerit,
405 1744 535 1816 altimo
557 1744 717 1842 deniqne
736 1751 860 1842 ipsam
878 1750 992 1815 etiam
1007 1769 1073 1816 ve-

78 1887 161 1932 nam
178 1888 327 1952 casam,
349 1888 425 1959 qna
444 1869 591 1960 spinam
618 1862 797 1951 decurrit,
826 1877 1035 1932 corroserat
1048 1885 1074 1930 a

79 2003 149 2072 qna
176 1986 336 2077 sangnis⁵
351 2005 427 2079 per
448 1980 699 2078 diaphragma
728 1979 775 2050 ab
805 1979 935 2052 eadem
964 2002 1075 2050 carne

73 2101 325 2190 perforatam,
332 2097 557 2194 pulmonum
566 2112 705 2168 motam
716 2096 963 2196 impediendo,
977 2119 1075 2166 mor·

80 2226 146 2284 tem
157 2215 292 2286 intulit.
316 2216 439 2284 Prima
458 2215 522 2284 itta
538 2211 686 2292 effectio
701 2216 803 2286 tabes
815 2219 946 2312 spinea
963 2210 1074 2306 inisse

81 2331 261 2420 creditur,
287 2332 333 2402 ab
353 2333 580 2429 Hippocrate
605 2331 817 2429 descripta:
842 2331 921 2401 haec
942 2330 1076 2417 altera,

83 2452 286 2543 pancreatis
301 2451 476 2526 immanis
494 2465 530 2520 et
548 2450 723 2547 putridus
741 2465 877 2542 tumor.
893 2452 1015 2539 Quem
1034 2463 1077 2520 ut

82 2566 153 2662 ipse
172 2593 252 2640 non
269 2593 428 2666 negem,
452 2593 531 2638 non
549 2567 743 2638 minimam
770 2584 895 2638 tamen
917 2568 1076 2638 tumoris

81 2700 216 2778 partem
236 2711 281 2756 ex
297 2685 514 2756 dilatatione
533 2709 759 2782 magnorum
776 2709 951 2756 vasorum
965 2683 1077 2756 fuisse

83 2805 255 2900 suspicor.
273 2805 451 2921 Necpine
480 2801 666 2908 ejusmodi
685 2803 895 2899 suspicione
919 2803 1076 2872 omnino

83 2943 172 3008 sum,
189 2947 277 2994 cum
290 2946 376 2992 mox
394 2920 478 3018 lego
496 2919 643 2992 observ.
654 2924 751 2990 XLII
763 2918 927 2990 secunda
941 2919 1075 3016 (item-

84 3052 137 3110 tus
153 3041 253 3121 enim
279 3063 356 3136 perv
374 3039 557 3108 incuriam
577 3051 631 3108 est
650 3033 875 3130 numerus),
894 3059 999 3124 cum,
1016 3037 1075 3106 in-

84 3180 211 3251 quam,
227 3157 311 3254 lego
324 3211 333 3244 ,
346 3171 430 3254 post
448 3155 639 3228 assiduum
657 3179 699 3224 ac
720 3153 943 3226 diuturnum
967 3153 1077 3224 dolo-
1143 3191 1145 3202 =

83 3297 153 3346 rem
172 3275 271 3345 circa
288 3276 481 3370 regionem
507 3272 599 3342 ossis
625 3273 744 3358 sacri,
773 3272 967 3342 inventum
997 3295 1076 3345 esse

86 3396 173 3462 circa
187 3390 357 3470 eamdem
378 3395 586 3484 regionem,
611 3415 656 3458 ea
686 3395 723 3458 in
736 3403 851 3484 parte
883 3389 950 3458 abi
976 3415 1076 3462 vena

86 3531 167 3580 cava
179 3511 409 3600 hifnrcatar,
428 3507 633 3576 abscessum
645 3529 844 3601 magnam,
863 3510 987 3603 inquo
1002 3533 1078 3578 ma-

85 3631 167 3694 teria
175 3625 305 3716 fetida
325 3641 362 3694 et
377 3629 527 3720 sangnis
556 3622 777 3719 coagulatus
797 3625 1074 3712 continebatur,

89 3755 157 3812 tum
169 3745 279 3814 etiam
299 3767 339 3812 os
350 3757 496 3812 sacram
514 3765 560 3810 ea
576 3745 613 3808 in
622 3757 740 3836 parte
754 3745 808 3810 ita
822 3763 1012 3810 corrosam
1026 3757 1079 3810 at-

84 3883 145 3952 qne
161 3885 332 3947 exesam,
353 3874 394 3930 nt
412 3857 601 3948 facillime
628 3841 753 3952 digitis
780 3857 935 3926 extrahi
962 3871 1076 3953 atqne

82 3983 208 4048 conteri
216 3983 402 4074 potnerit.
422 3975 495 4046 Sed
514 3975 643 4046 minus·
671 3999 730 4044 me
751 3998 835 4044 mea
855 3971 937 4052 falli,
957 3979 1078 4072 suspi-
