2810 4668
185 445 254 494 ura.
283 445 338 493 111.
367 445 414 492 ur
439 441 577 492 nonnis
596 445 768 511 vaurms,
794 417 1033 500 misr-invi.
1063 424 1137 501 565

124 558 406 660 posterioribus
431 558 663 632 editionibus
686 559 749 632 ille
775 564 970 635 contraxit.
990 565 1140 638 Scilicet

123 676 278 749 videbat
311 678 468 750 eximius
499 679 734 752 anatomicus
759 676 858 752 'hinc'
888 707 1004 778 quam
1026 683 1140 755 molle

123 809 346 882 omentum,
371 794 460 868 inde
485 820 577 867 vero
596 821 710 894 quam
728 797 860 884 crassi,
877 813 914 870 et
933 800 1141 873 renitentes

123 911 289 1010 parietes
311 913 384 986 sint
404 914 543 1014 uterini
561 915 693 987 osculi.
714 919 845 1014 Itaque
870 924 1066 989 omentum
1093 942 1139 990 eo

124 1051 250 1127 usque
271 1031 371 1102 inter
395 1033 574 1121 vesicam,
598 1031 771 1132 illudque
789 1031 961 1106 osculum
974 1033 1141 1106 ¹descen·

125 1145 235 1233 dere,
256 1145 510 1246 concipiebat,
527 1162 571 1222 ut
587 1148 722 1222 molles
739 1174 895 1222 summe
913 1151 1055 1250 vaginae
1072 1176 1140 1250 pa-

124 1261 240 1337 rietes
256 1265 416 1338 alterum
435 1265 483 1338 ad
500 1267 661 1340 alterum
681 1267 949 1366 opprimendo,
966 1269 1064 1340 viam
1085 1249 1156 1342 se?
1226 1319 1228 1324 -

124 1384 222 1454 mini
245 1382 294 1455 ad
320 1387 536 1484 proximum
571 1386 744 1458 osculum
773 1385 1046 1460 intercluderet
1071 1409 1141 1458 sua

125 1501 245 1592 mole,
264 1516 302 1573 et
320 1502 509 1602 pondere,
529 1517 566 1575 et
578 1502 732 1576 brevior
744 1504 968 1602 praesertim,
982 1515 1047 1576 aut
1061 1499 1144 1576 lan?

126 1617 280 1718 guidior
309 1622 419 1720 penis·
444 1621 492 1692 ad
512 1646 696 1694 summam
713 1623 887 1720 vaginam
907 1646 987 1693 non
1006 1644 1141 1719 perve-

125 1738 246 1826 niret,
265 1763 426 1836 eamque
445 1739 661 1814 distendere
680 1765 761 1812 non
782 1754 920 1839 posset.
934 1740 1056 1830 Quatn
1073 1743 1142 1813 Vc·

126 1853 211 1928 salii
242 1857 531 1955 explicationem
562 1859 688 1930 minus
718 1881 814 1958 aegre
840 1853 1001 1946 ferrem,
1026 1881 1143 1954 quam

125 1971 275 2048 nudum
294 1977 535 2077 Hippocratis
555 1976 695 2078 dogma
711 1976 943 2050 recentiores
956 1974 1143 2074 quosdam

127 2095 364 2166 anatomicos
389 2118 469 2168 esse
495 2109 676 2170 secutos:
701 2119 920 2194 quanquam
939 2093 1142 2190 concipere

129 2228 328 2286 omentum
353 2237 433 2285 non
458 2237 662 2314 possumus
680 2215 780 2288 inter
799 2212 941 2313 vaginae
957 2235 1145 2286 summam

128 2345 298 2430 partem,
313 2333 553 2432 vesicamque
570 2333 832 2429 interjectum,
847 2332 920 2403 nisi
934 2329 1144 2430 discerptos

128 2449 199 2547 qui
227 2447 282 2522 ibi
311 2471 391 2524 csse
422 2451 524 2551 inter
549 2450 753 2546 utramque
779 2447 924 2535 solent,
947 2447 1026 2518 imo
1045 2473 1146 2518 non-

128 2590 331 2665 nunquam
350 2568 545 2666 aliquanto
565 2567 678 2638 etiam
700 2589 814 2670 supra
834 2563 1145 2661 conspiciuntur,

130 2683 334 2758 cellulosos
357 2709 482 2758 nexus
505 2683 774 2784 intelligamus,
788 2681 865 2779 'qui
883 2704 974 2779 curn¹
989 2681 1029 2750 in
1050 2675 1146 2780 prae-

130 2800 340 2903 pinguibus
365 2804 439 2902 ipsi
467 2827 624 2902 quoque
654 2798 887 2900 pinguedine
920 2794 1028 2869 farcti
1051 2797 1147 2885 sint,

133 2917 290 2993 fortasse
302 2922 441 2993 nonita
454 2918 561 2994 facile
572 2913 1149 3039 cedant,'locumquepraebeant

135 3041 280 3110 omenti
303 3039 477 3138 ponderi.
501 3043 597 3112 Cum
617 3052 743 3110 autem
762 3035 802 3106 in
817 3032 1011 3130 ,ejusmodi
1038 3029 1147 3102 ferni-

136 3157 197 3230 nis
210 3156 396 3230 cellulosae
406 3182 570 3257 quaeque
585 3154 814 3228 membranae
829 3149 1061 3250 pinguedine
1074 3141 1163 3222 dis·w

137 3273 363 3364 tendantur,
382 3275 552 3374 procliue
572 3289 628 3347 est
644 3271 872 3370 intelligere,
889 3283 932 3339 ut
945 3269 1091 3367 possint
1103 3265 1151 3338 ab

138 3389 267 3465 adsitis
282 3392 566 3492 praepinguibus
584 3390 788 3477 intestinis,
805 3399 870 3458 aut
884 3409 905 3456 a
919 3384 1150 3486 pinguedine

138 3510 373 3583 increscente
383 3508 562 3582 tubarum
573 3507 758 3605 Falloppii
768 3502 1010 3591 membranis,
1019 3525 1150 3572 earum

139 3623 317 3717 fimbriis,
346 3642 412 3700 aut
439 3627 570 3700 saltem
599 3622 846 3697 membraneo
872 3619 1024 3691 vinculo
1045 3618 1151 3718 quod

138 3744 236 3816 alam
261 3740 572 3844 vespertilionum
594 3743 781 3830 vocitant,
797 3738 855 3810 hae
878 3761 1011 3810 omnes
1034 3736 1151 3834 parti-

144 3859 258 3952 culae,
276 3877 342 3936 aut
355 3887 402 3934 cx
417 3862 508 3962 ipsis
525 3861 657 3960 aliquae
676 3861 717 3930 in
737 3857 813 3930 suis
828 3855 878 3932 ad¹
894 3853 1153 3954 generandum

142 3980 362 4057 necessariis
373 3979 542 4055 motibus
559 3976 754 4080 impediri;
770 3977 822 4051 sic
834 3974 936 4050 enim
946 3973 1052 4072 juvat
1064 3969 1153 4046 Val-
