2790 4668
147 482 210 526 tra.
238 477 292 525 111.
321 477 367 524 ur
394 477 854 543 nonusvsurnrs,sr1sr.
881 483 977 530 nutv.
1005 461 1071 549 Aba

90 609 180 666 certe
193 608 317 665 autem
331 615 415 664 vasa
430 591 594 664 ostendit
610 615 677 690 per
697 587 827 664 faciem
842 597 1076 694 superiorem

89 711 196 784 abasi
209 712 353 810 apicem
372 731 502 782 versus
516 707 708 781 tendentia
725 731 746 782 a
765 729 980 786 remorante
994 739 1080 787 san—

90 829 193 928 guine
214 827 479 917 crassiuscuba,
505 826 645 900 nedum
664 825 870 901 manifesta.
900 835 946 904 Et
965 825 1079 912 uvula

89 947 231 1046 quidem
256 971 300 1018 ac
315 945 482 1045 palatum
500 943 638 1018 mobiie
657 968 745 1017 sana
766 962 883 1018 erant.
906 951 1077 1022 Tonsiilae

88 1090 170 1138 uero
186 1080 222 1136 et
237 1062 495 1136 membranam
515 1060 705 1134 habebant
733 1084 809 1161 qua
828 1065 1078 1165 obteguntur,

89 1205 108 1252 a
132 1181 224 1254 flavo
249 1205 333 1253 sero
352 1179 579 1254 subsistente
603 1182 825 1254 crassiorem
861 1180 1016 1276 factam,
1042 1203 1085 1259 ut
1123 1193 1125 1197 ’

85 1299 283 1395 gelatinam
301 1298 503 1398 quamdam
523 1296 726 1370 subflavam
747 1297 920 1389 referret,
940 1319 976 1375 et
993 1307 1080 1402 ipsae

89 1417 292 1506 tumebant,
310 1416 375 1491 sed
397 1417 514 1514 magis
537 1414 701 1506 sinistra,
720 1441 802 1516 quae
822 1418 957 1490 durior
982 1437 1079 1508 erat,

88 1539 192 1624 et,si
222 1539 451 1634 exprimeres
478 1549 542 1606 ant
572 1557 735 1623 secares,
772 1560 844 1633 pus
874 1539 1079 1612 emittebat.

88 1655 258 1725 Proxime
271 1655 526 1752 laryngisnon
545 1653 781 1750 cartilagines
803 1653 943 1744 solum,
963 1657 1026 1728 sed
1047 1671 1100 1730 et

89 1773 224 1870 proprii
240 1771 417 1860 musculi,
434 1757 532 1869 quos
558 1771 727 1868 singulos
744 1769 983 1870 perlustravi,
1000 1774 1084 1847 tabe

89 1891 207 1978 omni,
225 1907 263 1964 et
281 1888 580 1962 inflammatione
593 1889 783 1960 carebant.
799 1885 940 1961 Vitium
956 1903 1082 1963 autem

90 2007 123 2078 in
138 2009 355 2081 membrana
369 2023 447 2080 erat
458 2031 541 2104 qua
561 2007 692 2104 iarynx
706 2009 806 2080 intus
820 2022 1000 2106 extraque
1013 2033 1086 2082 ves⁶

91 2127 187 2212 titur,
211 2131 315 2199 intus
337 2125 492 2225 quidem
524 2125 662 2214 levius,
689 2125 755 2196 sed
787 2140 888 2196 extra
925 2127 1083 2224 gravius.

90 2245 185 2317 intus
200 2247 302 2318 enim
318 2242 567 2315 rubicundior
585 2241 645 2313 itta
666 2231 763 2331 era't,
781 2269 892 2341 qnam
911 2245 1005 2316 solet
1015 2287 1034 2333 ,·
1044 2259 1087 2316 nt

91 2359 125 2432 in
141 2364 260 2435 vicina
290 2365 401 2435 etiam
428 2376 534 2460 parte
554 2351 698 2458 'asperae
721 2361 863 2431 arteriae
890 2369 933 2432 et‘
958 2361 1088 2434 subtu-

92 2481 367 2580 midaquoque,
385 2479 451 2552 sed
473 2479 624 2570 leviter,
645 2491 687 2549 ut
711 2478 877 2576 glottidis
896 2483 990 2550 rima
1010 2507 1088 2552 non

91 2612 493 2698 proptereaappareret
509 2597 713 2695 angustior.
730 2599 812 2686 Qua
824 2597 1088 2670 autemeadem

90 2717 304 2790 membrana
330 2715 588 2815 epigiottidem
609 2712 824 2802 amiciebat,
853 2729 931 2786 tum
956 2697 1088 2788 aiacie

92 2857 195 2923 cava,
218 2853 301 2908 tuna
323 2857 343 2906 a
368 2855 552 2920 convexa,
571 2841 703 2902 tuma‘
732 2829 911 2903 lateribus
934 2856 1088 2930 quoque
1178 2849 1181 2854 '

92 2952 228 3023 tumida
246 2966 345 3039 erat,
362 2965 398 3022 et
418 2947 507 3020 alibi
529 2945 827 3034 coc'oinea‚alibi
848 2971 893 3019 ex
910 2951 1089 3022 coccineo

92 3063 354 3159 fusca,1ninus
384 3071 556 3138 tamen-a
587 3063 680 3136 facie
705 3089 808 3154 cava,
839 3089 952 3164 qnam
982 3067 1088 3156 alibi,

94 3209 212 3284 neque
226 3187 273 3260 ab
293 3213 337 3260 ca
356 3191 454 3270 tot'a,
470 3183 535 3255 sed
554 3209 574 3254 a
589 3184 698 3254 tertia
719 3181 898 3255 duntaxat
913 3209 1091 3284 suprema

94 3319 202 3399 parte.
219 3303 391 3378 Secundo
414 3302 659 3401 perspicuum
680 3315 777 3390 erat,
796 3325 883 3372 eum
901 3315 1093 3396 tumorem

95 3421 332 3521 coloremque
365 3421 558 3519 sanguini,
590 3432 627 3490 et
652 3441 736 3490 sero
766 3417 916 3508 deberi,
946 3422 1000 3493 nil
1019 3423 1092 3496 nisi

96 3541 365 3628 rnembrauam,
377 3540 605 3637 junctosque
626 3537 755 3608 acinos
766 3536 1008 3634 glandulosos
1019 3541 1094 3614 dis·

96 3658 357 3747 tendentibus,
390 3681 554 3756 qnorum
583 3679 668 3754 pars
695 3655 901 3727 humorum
932 3659 973 3728 in
1001 3645 1094 3731 con*

96 3795 182 3848 vexa
196 3775 289 3850 faeie
306 3779 383 3875 jam
404 3777 573 3848 converti
591 3777 629 3845 in
650 3799 721 3872 pus
739 3773 956 3873 incipiebat.
975 3781 1095 3850 Porro

97 3915 167 3987 qua
180 3894 311 3967 eadem
329 3893 548 3966 membrana
566 3892 760 3992 laryngem
771 3896 968 3965 exteriusa
988 3911 1095 3996 tergo

97 4013 326 4114 operit„ipsa
347 4028 383 4084 et
397 4011 525 4082 innexi
543 4009 758 4107 glandulosi
772 4010 870 4080 acini
891 4035 1026 4108 magna
1041 4017 1096 4088 in-

864 4150 912 4225 ²9
