2726 4676
33 475 37 482 ,
132 447 202 491 mn.
231 445 286 490 rut
314 444 361 490 ur
386 439 711 501 nonusvanrum,
737 443 847 490 srrsr.
875 447 961 496 xum
991 423 1062 522 ²59

66 557 131 653 qui
143 557 302 628 sectioni
316 551 723 656 interfuitChristoph.
736 555 1011 656 Guil.Bajerus(
1036 561 1065 658 ).

69 673 160 744 Mihi
181 672 337 770 quidem
356 670 519 742 necdum
539 669 675 742 accidit
694 685 736 742 ut
754 675 883 746 vesicae
902 677 1068 754 calculus

69 790 334 862 ostenderetur
361 813 447 859 cum
466 788 539 858 illis
563 788 857 885 comparandus,
876 793 948 864 nisi
966 791 1071 868 femi·

69 931 203 978 narum
217 905 367 991 fraude,
391 920 427 976 et
446 904 583 976 medici
599 905 711 980 unius
721 919 831 1004 atque
842 908 1072 1009 alteriusqui

71 1023 126 1097 his
156 1023 285 1096 faciles
316 1048 426 1095 aures
455 1021 710 1120 praebuerant,
737 1024 964 1099 credulitate.
1001 1035 1070 1102 Hic

71 1143 169 1213 euim
200 1143 366 1240 primum
394 1165 514 1211 unum
540 1139 638 1228 ¹vidi,
665 1141 835 1236 quinon
866 1145 999 1232 modo,
1031 1162 1073 1220 ut
1172 1139 1175 1144 ¹

72 1259 251 1334 Ferrandi
262 1261 315 1355 (2)
330 1258 453 1330 verbis
466 1272 549 1328 utar
561 1258 779 1354 ,fluviatilis
786 1267 916 1357 pott'us
932 1264 1073 1337 diceru-

73 1393 260 1474 turquam.
271 1375 442 1450 vericulis
449 1403 462 1462 ,·
479 1374 544 1448 sed
559 1399 646 1446 curn
663 1399 792 1448 revera
810 1377 997 1454 fluviatilis
1013 1407 1070 1454 es-

77 1509 151 1580 set,
169 1519 306 1566 cruore
321 1493 460 1566 oblitus
472 1493 631 1566 incautis
651 1516 722 1588 pro
734 1495 882 1567 vesieali
894 1497 1083 1572 obtrudew

71 1611 196 1684 batur.
228 1611 374 1682 Deinde
402 1637 422 1682 a
450 1610 597 1683 medico
627 1609 795 1706 alioquin
821 1637 898 1684 non
920 1615 1074 1690 indocto

78 1731 141 1826 qui
155 1729 326 1802 Venetiis
345 1727 393 1800 ad
417 1753 476 1800 me
502 1728 718 1824 scripserat,
734 1726 780 1818 ab
800 1753 895 1826 aegra
913 1733 1076 1828 quadam

77 1869 168 1944 pene
182 1846 354 1944 quotidie
372 1845 470 1920 bene
486 1845 645 1932 multos,
664 1869 734 1915 nec
757 1847 932 1943 parvulos
950 1875 1075 1923 excer.

79 1965 133 2052 ni,
157 1979 203 2036 ut
219 1961 333 2034 fidem
353 1986 431 2032 nou
458 1957 563 2033 heile
583 1959 750 2050 credenti
770 1958 925 2051 faceret,
943 1967 1074 2040 missos

78 2081 279 2178 plurimos,
302 2102 398 2176 quos
420 2080 542 2153 statim
561 2077 726 2166 arcodi,
744 2081 898 2154 miratus
916 2104 994 2156 esse
1010 2085 1075 2156 ali·

76 2223 189 2296 quem
206 2198 388 2296 potuisse,
400 2197 465 2294 qui
484 2221 563 2267 non·
581 2199 764 2277 continuo
782 2198 893 2272 silicis
903 2199 1003 2272 unde
1019 2203 1074 2300 ig-

80 2318 133 2389 nis
146 2316 317 2402 elicitur,
336 2338 469 2412 magna
487 2329 523 2386 et
541 2313 649 2384 rudia
667 2311 874 2412 fragmenta
896 2341 1076 2415 agnosce-

80 2449 148 2523 ret,
169 2429 266 2504 nihil
278 2431 379 2503 aliud
396 2432 587 2529 rescripsi,
603 2433 673 2502 nisi
691 2447 734 2503 ut
754 2431 930 2530 chymicae
949 2435 1077 2508 destil-

80 2551 209 2624 lationi
235 2551 506 2637 committeret,
529 2563 565 2622 et
586 2574 668 2646 quae
684 2549 979 2648 prolicerentur,
1002 2556 1076 2652 siga

82 2667 264 2756 nificaret3
286 2670 409 2768 itaque
433 2665 480 2738 ab
506 2691 551 2738 eo
569 2665 665 2738 nihil
685 2667 846 2764 amplius
869 2669 1075 2744 litterarum

80 2787 216 2884 accepi.
234 2788 312 2856 Nec
327 2801 452 2858 tamen
472 2783 549 2854 haec
565 2809 610 2854 eo
626 2783 711 2854 dico
722 2838 732 2872 ‚
745 2787 850 2882 quasi
867 2787 927 2857 alii
939 2786 1027 2858 alibi
1036 2787 1075 2882 iel

82 2903 183 3000 quod
198 2927 268 3000 ego
286 2900 513 2998 ubicumque
529 2897 600 2986 fui,
616 2925 801 2998 nusquam
813 2906 991 3000 conspexi
1003 2955 1013 2993 ,
1025 2905 1075 2974 vi-

80 3019 165 3092 dere
183 3044 262 3092 non
280 3020 499 3116 potuissent.
522 3020 623 3107 Quin
647 2999 759 3090 alicui
781 3033 988 3090 nostratum
1010 3024 1076 3118 qui

83 3163 123 3210 ex
137 3163 183 3210 eo
205 3135 385 3208 duntaxat
401 3135 506 3234 quod
522 3134 658 3208 malleo
679 3137 923 3225 reniteretur,
943 3137 1077 3210 huma·

78 3246 172 3326 'num
205 3255 389 3330 calculum
420 3273 499 3324 esse
529 3277 638 3350 posse
674 3251 852 3350 negabat,
879 3265 921 3325 ut
947 3272 1077 3330 caetera

84 3396 233 3468 quoque
251 3370 459 3442 attenderet
473 3394 515 3440 ac
531 3369 745 3468 diligentius
757 3371 982 3466 inquireret,
996 3399 1079 3446 auc·

86 3502 141 3558 tor
161 3485 230 3576 fui,
251 3486 404 3585 quando
424 3511 444 3557 a
462 3487 551 3557 viris
568 3485 689 3557 doctis
704 3487 884 3556 Steinium
905 3491 1009 3561 citari
1026 3493 1080 3562 vi·-

86 3603 235 3692 demuS,
253 3607 319 3702 qui
329 3604 515 3677 humanos
525 3603 668 3701 lapides
685 3603 809 3680 mallei
826 3605 963 3679 ictibus
973 3612 1080 3682 resis-

125 3887 166 3966 (ι)
186 3891 347 3945 Commerc.
361 3889 451 3944 litter,
469 3907 517 3944 an.
534 3861 626 3960 rpl5,
641 3883 730 3944 hebd.
746 3863 799 3959 48,
815 3905 845 3944 n.
863 3905 890 3946 a.

128 3985 168 4066 (a)
188 3987 343 4067 Sepulchr.
362 3999 432 4046 sect.
451 3988 500 4046 cit.
517 3989 552 4044 23
563 4027 572 4058 ,
585 3987 649 4043 obs.
664 4005 697 4059 a,
714 3992 729 4058 ς
746 3986 772 4044 5.

899 4090 913 4120 ι

850 4112 890 4190 Ι7
