2726 4676
111 456 179 503 me.
208 455 266 504 nt.
293 455 341 505 ne
365 453 501 506 uenus
519 439 689 521 temnis,
713 455 824 504 rerer.
852 455 937 504 ιω.
968 435 1037 509 253

47 574 165 644 omnia
178 568 300 656 ‚sicut
313 567 376 640 ille
390 566 494 658 lecit,
509 569 698 640 Aristoteli
714 584 802 642 sunt
809 569 1038 666 objicienda,

46 688 197 787 ponenti
215 688 251 785 (1
258 703 271 780 )
292 684 435 760 nullum
453 684 619 773 animal,
650 690 722 756 nisi
735 685 938 778 hominem,
967 691 1043 760 cel-

47 802 205 876 culorum
213 804 312 899 fieri
322 826 454 900 posse5
478 801 517 872 id
530 803 630 874 enim
651 803 830 874 continuo
853 803 904 874 sic
921 807 1040 903 expliss

48 921 153 1009 cavit,
184 934 231 992 ut
260 919 308 992 de
331 919 503 990 urinariee
527 917 709 994 duntaxat
730 921 859 992 vesicae
888 921 1041 1000 calculis

47 1037 217 1136 praeclare
237 1052 412 1136 appareat
428 1035 480 1106 ibi
495 1035 648 1133 quidem
668 1060 747 1108 esse
763 1037 950 1126 locutum;
965 1040 1039 1110 alio

49 1170 163 1226 autem
187 1155 276 1228 loco
303 1153 374 1252 (a)
390 1177 505 1250 quem
527 1158 716 1226 Donatum
741 1139 875 1251 fugisse
900 1157 1039 1245 miror,

51 1271 174 1346 diserte
194 1272 363 1369 scripsit,
376 1295 479 1344 renes
495 1272 536 1342 in
552 1269 683 1343 hostiis
698 1295 951 1369 saepenumero
969 1272 1044 1344 eale

51 1389 147 1479 cute,
166 1405 205 1462 et
211 1395 379 1488 pannis,
397 1386 593 1486 etpapulis
604 1390 761 1479 refertos
778 1390 965 1486 conspici,
983 1405 1041 1460 at·

53 1533 112 1604 que
129 1514 244 1580 etiam
255 1509 364 1604 jecur
378 1521 506 1578 eteaet.

96 1626 146 1696 18.
162 1630 218 1698 Ex
237 1649 283 1698 eo
296 1639 420 1716 autem
437 1622 541 1720 quod
557 1621 645 1694 alibi
662 1621 716 1718 (3)
729 1621 882 1694 tradidit
899 1625 1043 1696 Aristo·

56 1739 152 1834 tales,
165 1767 248 1813 non
265 1742 386 1814 solum
404 1740 612 1828 humorem,
628 1739 818 1812 sedetiam
828 1745 925 1810 sicca
938 1765 1042 1838 quee-

57 1856 133 1930 dem
148 1873 410 1932 concrementa
420 1858 460 1930 in
477 1858 637 1930 vesicam
656 1856 893 1946 descendere,
908 1865 1044 1956 exqui-
1128 1935 1131 1946 ⁴
1218 1875 1221 1882 ·

56 1975 111 2046 bus
129 1975 270 2048 calculi
292 1976 555 2071 conficiantur,
576 1975 832 2071 antiquissima
851 1977 957 2071 origo
981 1977 1041 2047 in-

58 2091 221 2191 telligitur
249 2093 440 2166 sententioe
459 2116 591 2164 eorum
609 2092 715 2188 quie
738 2091 894 2164 renibus
918 2092 1042 2164 delabi

58 2207 242 2284 inchoatos
252 2209 415 2284 calculos
424 2210 554 2282 vesicae
568 2199 699 2280 omnes
710 2261 720 2297 ‚
731 2209 771 2280 in
785 2207 918 2307 hisque
930 2233 1043 2309 prop·

59 2337 144 2398 terea
160 2327 391 2426 peculiarem
407 2351 555 2425 semper
572 2327 750 2398 nucleum
767 2327 806 2398 in
830 2342 960 2398 centro
983 2330 1043 2398 in-

59 2445 163 2516 veniri
188 2444 437 2518 tradiderunt.
473 2447 642 2534 Quorum
671 2458 873 2540 utrumque
902 2447 971 2516 etsi
1003 2446 1042 2515 in

60 2559 170 2634 multis
187 2587 322 2634 verum
350 2585 533 2634 essenon
559 2558 727 2650 inficior3
745 2560 960 2657 aliquando
990 2576 1043 2632 ta·

61 2698 133 2748 men
149 2679 331 2752 libentius·
342 2677 474 2750 faciam
492 2702 578 2750 cum
594 2678 819 2774 Hippocrate
830 2677 902 2773 (a),
915 2680 1054 2775 qui-etr

62 2790 186 2869 diutius
200 2795 368 2868 cohibita
385 2797 514 2881 urina,
534 2795 572 2866 id
581 2794 735 2893 quidem
755 2795 860 2892 quo-d
871 2796 1044 2866 tenuissi-

62 2932 151 2981 mum
168 2915 207 2985 in
229 2915 309 3012 ipsa
330 2929 410 3001 est,
440 2914 609 2995 excerni,
630 2911 735 3009 quod
756 2935 846 2982 vero
866 2917 1044 2982 crassissi-

64 3049 148 3099 mum
163 3055 208 3102 ac
222 3029 510 3102 turbidissimum
525 3045 593 3117 est,
612 3034 826 3100 coacervari
838 3043 874 3098 et
880 3051 1047 3106 cencres·-¹

65 3147 293 3236 ceredocuit,
312 3163 349 3220 et
364 3153 531 3246 premam
555 3145 703 3244 quidem
721 3170 884 3246 parum,
912 3144 1046 3215 &inde

65 3266 293 3361 majusfiert':
312 3264 401 3336 dum
415 3270 512 3336 enim
532 3264 695 3336 volvitur
714 3267 911 3349 abaritia,
935 3261 1045 3359 quid·

67 3379 145 3468 quid
169 3407 331 3454 crassum
356 3397 588 3480 compactum
601 3385 744 3472 suerit,
776 3381 831 3451 ad
858 3405 897 3450 se
925 3385 1045 3478 pisum

99 3687 137 3764 (ι)
157 3693 232 3752 Sect.
249 3715 300 3766 ιο,
313 3695 411 3770 probl.
430 3700 476 3760 aa.

157 3792 198 3848 De
212 3793 321 3868 partib.
339 3794 456 3850 animal.
474 3793 494 3848 l.
510 3793 542 3863 3,
556 3809 581 3848 c.
593 3798 621 3859 4.

157 3891 228 3948 Hist.
238 3892 359 3949 vanimal.
375 3894 395 3947 l.
410 3893 443 3962 3,
459 3912 482 3947 c.
495 3890 541 3948 15.

117 3985 142 4061 l)
160 3991 200 4048 De
212 4011 295 4062 aere,
310 3993 393 4068 aquis
405 4003 434 4048 et
445 4001 507 4048 caet.
519 4011 548 4047 n.
562 4008 598 4052 aa
609 3999 638 4046 et
650 3989 696 4048 23.
