2740 4670
202 477 205 484 .
283 429 353 520 334
450 453 497 500 nr
523 449 669 535 sturnus
695 451 738 496 rr
764 443 888 498 causis
913 437 1123 502 nouaoaun

280 559 464 668 quantum
483 563 598 636 habet
609 563 726 635 virilis
735 545 1154 653 urethrafiexuscadat.
1168 571 1266 643 Posse

171 688 172 692 ’
280 689 405 759 tamen
431 705 710 780 nonnunquam
730 682 770 752 in
792 680 969 753 muliebri
992 705 1147 783 quoque
1172 701 1206 757 et
1221 687 1268 756 ul,

281 829 385 902 cera,
405 819 441 874 et
458 801 768 885 excrescentiam,
792 813 857 870 aut
880 813 980 872 certe
998 801 1177 872 diuturna
1194 803 1269 874 obs-

279 921 401 992 tacula
414 917 582 1017 quaedam
595 917 706 1004 oriri,
724 915 771 987 de
783 917 996 1004 Astruecio,
1006 933 1042 989 et
1057 909 1268 1019 deatghi'sio

280 1038 414 1125 didici,
436 1059 600 1132 quorum
621 1033 682 1104 ille
706 1031 764 1131 (1)
781 1057 1009 1131 corpusque
1034 1035 1190 1110 urethra
1206 1041 1273 1110 cin·
1350 1047 1355 1072 *

280 1156 398 1253 gitur,
437 1163 705 1250 suppuratum,
741 1163 778 1222 ct
808 1147 1020 1230 fistulosum
1052 1156 1150 1226 intra
1184 1155 1272 1228 lranc
1351 1199 1355 1210 ·

281 1272 407 1359 hiare,
440 1289 477 1344 et
497 1292 568 1370 pus
585 1267 781 1342 effundere
806 1293 885 1340 non
915 1271 1030 1341 semel
1054 1273 1168 1362 vidit,
1196 1277 1273 1346 alias

279 1414 369 1462 vero
385 1391 431 1462 ab
450 1388 584 1460 eodem
601 1411 761 1485 corpore
786 1388 955 1478 tumide,
985 1403 1022 1460 et
1045 1391 1185 1462 calloso
1197 1414 1273 1464 ure-

278 1508 402 1580 thram
429 1505 742 1605 praetermodum
767 1506 925 1594 arctari3
944 1505 1135 1604 Alghisius
1159 1525 1270 1582 autem

203 1699 213 1720 ‚
279 1627 333 1725 (a)
346 1628 529 1724 virginem
547 1635 750 1712 memorat,
776 1626 836 1694 cui
854 1627 977 1696 tenuis
994 1624 1187 1702 medicata
1197 1631 1274 1699 call-

158 1765 159 1768 ’
279 1745 362 1816 dela
381 1743 427 1814 ad
446 1748 711 1816 carnositatem
719 1741 882 1812 urethrae
896 1742 1170 1820 absumendam
1187 1747 1272 1819 intra

278 1861 376 1933 hanc
397 1860 544 1947 relicta,
567 1861 727 1931 vesicam
758 1857 934 1936 subierat.
970 1864 1051 1932 Huc
1081 1861 1177 1934 adde
1200 1887 1278 1950 car-⁸

277 2005 387 2056 neam
413 1983 716 2066 excrescentium,
743 1971 789 2048 de
824 2003 898 2079 qua
933 1987 1028 2048 mox·
1049 1977 1214 2084 dicetur,
1238 1982 1271 2052 in

277 2093 391 2174 vidua
410 2095 574 2193 quadam
590 2120 611 2165 a
629 2093 860 2192 Mulleroffi)
878 2094 1114 2194 descriptam.
1136 2100 1182 2170 Et
1190 2098 1271 2172 mihi

278 2214 431 2312 quidem
453 2213 567 2286 semel
589 2212 745 2301 accidit,
764 2237 850 2284 cum
867 2211 998 2284 vetulae
1018 2215 1180 2288 cadaver
1197 2238 1271 2316 pern

278 2346 466 2404 scrutarer
491 2329 562 2428 sub
579 2331 725 2401 initium
756 2333 847 2401 anni
884 2330 994 2432 1751,
1023 2347 1067 2402 ut
1089 2333 1268 2430 parvulam

277 2448 566 2520 excrescentiam
586 2447 854 2545 triangularem
877 2449 975 2521 intra
1000 2447 1165 2520 urethrae
1184 2463 1271 2520 exte*

275 2567 355 2638 rius
370 2565 557 2653 osculum,
569 2564 701 2636 ex'hoc
715 2581 842 2636 tamen·
856 2587 933 2637 non
945 2581 1153 2643 exstantem
1168 2563 1272 2638 olfen-¹

275 2684 422 2772 derem,
450 2707 617 2781 persaepe
646 2697 772 2758 autern
796 2699 882 2780 post
914 2694 1057 2754 acutas·
1074 2683 1268 2782 pracsertim

275 2800 398 2875 febres
419 2798 666 2873 animadverti
682 2797 893 2896 sanguifera
908 2801 1079 2892 vascula,
1098 2827 1179 2898 quae
1197 2796 1269 2899 plu-

175 2950 198 2967 *
242 2923 256 2963 ·“
274 2920 387 3006 rima,
415 2932 451 2992 et
476 2914 596 2986 ferme
613 2916 789 3014 parallela
813 2917 985 2988 intimam
1009 2917 1171 2992 urethrae
1192 2939 1268 3014 per·
1292 2949 1294 2953 ’

274 3049 424 3132 reptant
452 3035 637 3121 tunicam,
664 3033 813 3131 turgida
838 3033 950 3123 adeo,
971 3051 1009 3106 et
1037 3032 1217 3120 conferta,
1234 3043 1267 3100 ut

275 3144 322 3229 ab
339 3153 429 3250 ipsis
447 3165 525 3222 tota
544 3149 623 3220 haec
645 3151 922 3248 propemodum
943 3153 1162 3250 nigricaret:
1184 3151 1267 3222 acci·¹

228 3262 238 3371 ἠ
271 3270 329 3341 dtr
349 3293 504 3368 quoque
527 3268 641 3356 semel
662 3271 760 3339 utin
784 3269 1022 3369 virguncula,
1050 3271 1214 3366 itemque
1233 3265 1264 3333 in

121 3361 125 3366 '
157 3451 159 3454 .
275 3386 440 3475 anicula,
462 3407 624 3482 quarum
648 3384 805 3458 fortasse
818 3387 911 3458 alibi
933 3386 986 3484 (4)
1012 3385 1152 3462 incidet
1173 3406 1264 3454 meua

203 3580 207 3584 -
269 3581 1264 3612 „ww

264 3754 266 3758 .
330 3731 343 3768 1
381 3715 537 3783 §teupra
551 3709 589 3764 ad
605 3729 633 3762 n.
653 3711 689 3765 38
707 3710 755 3768 cit.

328 3829 345 3865 2
378 3809 582 3883 Lithotpm.e.
597 3809 623 3863 3.

377 3905 453 3982 Eph.
466 3910 504 3963 N.
519 3909 552 3962 C.
567 3919 642 3963 cent.
659 3909 692 3978 8,
707 3909 770 3964 obs.
785 3909 833 3968 38,

378 4008 447 4063 Vid.
465 4007 558 4082 Epist.
575 4007 626 4079 50,
646 4027 674 4070 n,
689 4007 741 4078 51,
757 4019 786 4063 et
799 3989 891 4090 Epist.
908 4007 961 4078 56,
972 4027 1001 4069 tt·
1016 4026 1063 4070 ar,
