<?xml version="1.0" encoding="UTF-8"?>
<!DOCTYPE html PUBLIC "-//W3C//DTD XHTML 1.0 Transitional//EN"
    "http://www.w3.org/TR/xhtml1/DTD/xhtml1-transitional.dtd">
<html xmlns="http://www.w3.org/1999/xhtml" xml:lang="en" lang="en">
 <head>
  <title>
</title>
<meta http-equiv="Content-Type" content="text/html;charset=utf-8" />
  <meta name='ocr-system' content='tesseract 3.04.00' />
  <meta name='ocr-capabilities' content='ocr_page ocr_carea ocr_par ocr_line ocrx_word'/>
</head>
<body>
  <div class='ocr_page' id='page_1' title='image "./desedibusetcaus05adelgoog_0506.png"; bbox 0 0 2790 4668; ppageno 0'>
   <div class='ocr_carea' id='block_1_1' title="bbox 130 373 1057 458">
    <p class='ocr_par' dir='ltr' id='par_1_1' title="bbox 130 373 1057 458">
     <span class='ocr_line' id='line_1_1' title="bbox 130 373 1057 458; baseline 0.009 -20"><span class='ocrx_word' id='word_1_1' title='bbox 130 393 194 438; x_wconf 78' lang='grc' dir='ltr'>ιιι.</span> <span class='ocrx_word' id='word_1_2' title='bbox 221 393 275 440; x_wconf 92' lang='grc' dir='ltr'>ιιι.</span> <span class='ocrx_word' id='word_1_3' title='bbox 305 392 352 440; x_wconf 83' lang='lat' dir='ltr'>on</span> <span class='ocrx_word' id='word_1_4' title='bbox 377 391 513 440; x_wconf 76' lang='lat' dir='ltr'>nonnis</span> <span class='ocrx_word' id='word_1_5' title='bbox 539 394 710 458; x_wconf 73' lang='lat' dir='ltr'>varanes,</span> <span class='ocrx_word' id='word_1_6' title='bbox 737 397 853 444; x_wconf 59' lang='lat' dir='ltr'>uersa,</span> <span class='ocrx_word' id='word_1_7' title='bbox 878 400 961 445; x_wconf 48' lang='lat' dir='ltr'>xasa</span> <span class='ocrx_word' id='word_1_8' title='bbox 988 373 1057 446; x_wconf 78' lang='lat'>505</span> 
     </span>
    </p>
   </div>
   <div class='ocr_carea' id='block_1_2' title="bbox 66 506 1161 1309">
    <p class='ocr_par' dir='ltr' id='par_1_2' title="bbox 66 506 1161 1309">
     <span class='ocr_line' id='line_1_2' title="bbox 69 506 1161 603; baseline 0.008 -27"><span class='ocrx_word' id='word_1_9' title='bbox 69 530 168 594; x_wconf 90' lang='lat' dir='ltr'>nem,</span> <span class='ocrx_word' id='word_1_10' title='bbox 189 527 273 603; x_wconf 74' lang='lat' dir='ltr'>qua¹</span> <span class='ocrx_word' id='word_1_11' title='bbox 287 506 404 603; x_wconf 87' lang='lat' dir='ltr'>ipsius</span> <span class='ocrx_word' id='word_1_12' title='bbox 420 506 569 577; x_wconf 88' lang='lat' dir='ltr'>Harveii</span> <span class='ocrx_word' id='word_1_13' title='bbox 594 509 648 597; x_wconf 74' lang='grc' dir='ltr'>(ι)</span> <span class='ocrx_word' id='word_1_14' title='bbox 677 523 746 597; x_wconf 91' lang='lat' dir='ltr'>est,</span> <span class='ocrx_word' id='word_1_15' title='bbox 768 508 815 580; x_wconf 91' lang='lat' dir='ltr'>ad</span> <span class='ocrx_word' id='word_1_16' title='bbox 838 509 927 582; x_wconf 88' lang='lat' dir='ltr'>alias</span> <span class='ocrx_word' id='word_1_17' title='bbox 943 510 1059 582; x_wconf 89' lang='lat' dir='ltr'>addes</span> <span class='ocrx_word' id='word_1_18' title='bbox 1159 581 1161 585; x_wconf 85' lang='lat'>.</span> 
     </span>
     <span class='ocr_line' id='line_1_3' title="bbox 71 620 1062 724; baseline 0.006 -34"><span class='ocrx_word' id='word_1_19' title='bbox 71 646 141 718; x_wconf 91' lang='lat' dir='ltr'>quae</span> <span class='ocrx_word' id='word_1_20' title='bbox 170 646 190 692; x_wconf 89' lang='lat' dir='ltr'>a</span> <span class='ocrx_word' id='word_1_21' title='bbox 216 620 260 692; x_wconf 83' lang='lat' dir='ltr'>cl</span> <span class='ocrx_word' id='word_1_22' title='bbox 289 621 477 692; x_wconf 88' lang='lat' dir='ltr'>Sandenio</span> <span class='ocrx_word' id='word_1_23' title='bbox 512 621 676 694; x_wconf 79' lang='lat' dir='ltr'>collectae</span> <span class='ocrx_word' id='word_1_24' title='bbox 702 639 809 696; x_wconf 87' lang='lat' dir='ltr'>sunt:</span> <span class='ocrx_word' id='word_1_25' title='bbox 831 625 877 699; x_wconf 91' lang='lat' dir='ltr'>ad</span> <span class='ocrx_word' id='word_1_26' title='bbox 900 650 994 724; x_wconf 88' lang='lat' dir='ltr'>quas</span> <span class='ocrx_word' id='word_1_27' title='bbox 1019 651 1062 697; x_wconf 89' lang='lat' dir='ltr'>ea</span> 
     </span>
     <span class='ocr_line' id='line_1_4' title="bbox 70 737 1060 841; baseline 0.004 -33"><span class='ocrx_word' id='word_1_28' title='bbox 70 764 211 836; x_wconf 87' lang='lat' dir='ltr'>qnoque</span> <span class='ocrx_word' id='word_1_29' title='bbox 233 737 397 836; x_wconf 80' lang='lat' dir='ltr'>spectat,</span> <span class='ocrx_word' id='word_1_30' title='bbox 423 763 537 836; x_wconf 90' lang='lat' dir='ltr'>quam</span> <span class='ocrx_word' id='word_1_31' title='bbox 561 755 691 836; x_wconf 90' lang='lat' dir='ltr'>postea</span> <span class='ocrx_word' id='word_1_32' title='bbox 718 743 916 840; x_wconf 88' lang='lat' dir='ltr'>proposuit</span> <span class='ocrx_word' id='word_1_33' title='bbox 938 743 1060 841; x_wconf 87' lang='lat' dir='ltr'>praecl.</span> 
     </span>
     <span class='ocr_line' id='line_1_5' title="bbox 66 853 1097 957; baseline 0.005 -32"><span class='ocrx_word' id='word_1_34' title='bbox 66 855 358 928; x_wconf 87' lang='lat' dir='ltr'>Helmstadiensis</span> <span class='ocrx_word' id='word_1_35' title='bbox 392 853 583 954; x_wconf 83' lang='lat' dir='ltr'>professor</span> <span class='ocrx_word' id='word_1_36' title='bbox 621 857 814 934; x_wconf 84' lang='lat' dir='ltr'>Fabricius</span> <span class='ocrx_word' id='word_1_37' title='bbox 848 859 930 957; x_wconf 78' lang='lat' dir='ltr'>(a)</span> <span class='ocrx_word' id='word_1_38' title='bbox 971 863 1061 952; x_wconf 84' lang='lat' dir='ltr'>Quae</span> <span class='ocrx_word' id='word_1_39' title='bbox 1096 871 1097 876; x_wconf 77' lang='grc'>’</span> 
     </span>
     <span class='ocr_line' id='line_1_6' title="bbox 70 975 1063 1071; baseline 0.005 -29"><span class='ocrx_word' id='word_1_40' title='bbox 70 997 191 1046; x_wconf 91' lang='lat' dir='ltr'>omnes</span> <span class='ocrx_word' id='word_1_41' title='bbox 212 975 280 1046; x_wconf 90' lang='lat' dir='ltr'>etsi</span> <span class='ocrx_word' id='word_1_42' title='bbox 298 975 479 1046; x_wconf 85' lang='lat' dir='ltr'>inservire</span> <span class='ocrx_word' id='word_1_43' title='bbox 498 990 664 1071; x_wconf 83' lang='lat' dir='ltr'>possunt</span> <span class='ocrx_word' id='word_1_44' title='bbox 680 975 727 1048; x_wconf 92' lang='lat' dir='ltr'>ad</span> <span class='ocrx_word' id='word_1_45' title='bbox 747 1001 811 1050; x_wconf 80' lang='lat' dir='ltr'>eos</span> <span class='ocrx_word' id='word_1_46' title='bbox 835 978 1063 1068; x_wconf 79' lang='lat' dir='ltr'>convincen-</span> 
     </span>
     <span class='ocr_line' id='line_1_7' title="bbox 68 1091 1063 1194; baseline 0.004 -34"><span class='ocrx_word' id='word_1_47' title='bbox 68 1091 129 1165; x_wconf 90' lang='lat' dir='ltr'>dos</span> <span class='ocrx_word' id='word_1_48' title='bbox 146 1117 165 1162; x_wconf 91' lang='lat' dir='ltr'>a</span> <span class='ocrx_word' id='word_1_49' title='bbox 183 1091 320 1190; x_wconf 88' lang='lat' dir='ltr'>quibus</span> <span class='ocrx_word' id='word_1_50' title='bbox 338 1092 436 1194; x_wconf 78' lang='lat' dir='ltr'>uteri</span> <span class='ocrx_word' id='word_1_51' title='bbox 454 1091 654 1189; x_wconf 85' lang='lat' dir='ltr'>prolapsus</span> <span class='ocrx_word' id='word_1_52' title='bbox 672 1093 771 1164; x_wconf 89' lang='lat' dir='ltr'>intra</span> <span class='ocrx_word' id='word_1_53' title='bbox 794 1095 981 1166; x_wconf 82' lang='lat' dir='ltr'><strong>inversam</strong></span> <span class='ocrx_word' id='word_1_54' title='bbox 1000 1118 1063 1164; x_wconf 86' lang='lat' dir='ltr'>va·</span> 
     </span>
     <span class='ocr_line' id='line_1_8' title="bbox 67 1207 1064 1309; baseline 0.007 -32"><span class='ocrx_word' id='word_1_55' title='bbox 67 1209 183 1306; x_wconf 86' lang='lat' dir='ltr'>ginam</span> <span class='ocrx_word' id='word_1_56' title='bbox 200 1208 409 1309; x_wconf 80' lang='lat' dir='ltr'><strong>negabatur</strong></span> <span class='ocrx_word' id='word_1_57' title='bbox 421 1207 492 1306; x_wconf 75' lang='lat'>(3),</span> <span class='ocrx_word' id='word_1_58' title='bbox 510 1235 589 1279; x_wconf 93' lang='lat' dir='ltr'>non</span> <span class='ocrx_word' id='word_1_59' title='bbox 604 1233 710 1282; x_wconf 88' lang='lat' dir='ltr'>secus</span> <span class='ocrx_word' id='word_1_60' title='bbox 720 1235 763 1281; x_wconf 88' lang='lat' dir='ltr'>ac</span> <span class='ocrx_word' id='word_1_61' title='bbox 773 1211 836 1282; x_wconf 90' lang='lat' dir='ltr'>illa</span> <span class='ocrx_word' id='word_1_62' title='bbox 850 1211 1064 1284; x_wconf 89' lang='lat' dir='ltr'>observatio</span> 
     </span>
    </p>
   </div>
   <div class='ocr_carea' id='block_1_3' title="bbox 66 1315 1283 1424">
    <p class='ocr_par' dir='ltr' id='par_1_3' title="bbox 66 1315 1283 1424">
     <span class='ocr_line' id='line_1_9' title="bbox 66 1315 1283 1424; baseline 0.004 -29"><span class='ocrx_word' id='word_1_63' title='bbox 66 1350 170 1421; x_wconf 91' lang='lat' dir='ltr'>quam</span> <span class='ocrx_word' id='word_1_64' title='bbox 184 1352 272 1398; x_wconf 93' lang='lat' dir='ltr'>cum</span> <span class='ocrx_word' id='word_1_65' title='bbox 281 1327 509 1398; x_wconf 89' lang='lat' dir='ltr'>Widmanno</span> <span class='ocrx_word' id='word_1_66' title='bbox 521 1325 576 1423; x_wconf 74' lang='grc'>(4)</span> <span class='ocrx_word' id='word_1_67' title='bbox 593 1329 886 1398; x_wconf 83' lang='lat' dir='ltr'>communicavit</span> <span class='ocrx_word' id='word_1_68' title='bbox 900 1327 945 1398; x_wconf 92' lang='lat' dir='ltr'>cl.</span> <span class='ocrx_word' id='word_1_69' title='bbox 965 1330 1066 1401; x_wconf 90' lang='lat' dir='ltr'>Frie-</span> <span class='ocrx_word' id='word_1_70' title='bbox 1174 1421 1176 1424; x_wconf 12' lang='lat' dir='ltr'>v</span> <span class='ocrx_word' id='word_1_71' title='bbox 1281 1315 1283 1320; x_wconf 33' lang='lat'><strong><em>¹</em></strong></span> 
     </span>
    </p>
   </div>
   <div class='ocr_carea' id='block_1_4' title="bbox 61 1443 1165 3192">
    <p class='ocr_par' dir='ltr' id='par_1_4' title="bbox 61 1443 1165 3192">
     <span class='ocr_line' id='line_1_10' title="bbox 66 1443 1067 1542; baseline 0.003 -29"><span class='ocrx_word' id='word_1_72' title='bbox 66 1443 160 1533; x_wconf 90' lang='lat' dir='ltr'>dius;</span> <span class='ocrx_word' id='word_1_73' title='bbox 177 1443 240 1516; x_wconf 93' lang='lat' dir='ltr'>hic</span> <span class='ocrx_word' id='word_1_74' title='bbox 258 1459 384 1516; x_wconf 89' lang='lat' dir='ltr'>tamen</span> <span class='ocrx_word' id='word_1_75' title='bbox 411 1469 454 1514; x_wconf 86' lang='lat' dir='ltr'>ex</span> <span class='ocrx_word' id='word_1_76' title='bbox 475 1445 519 1516; x_wconf 89' lang='lat' dir='ltr'>iis</span> <span class='ocrx_word' id='word_1_77' title='bbox 537 1443 617 1516; x_wconf 91' lang='lat' dir='ltr'>illas</span> <span class='ocrx_word' id='word_1_78' title='bbox 628 1443 808 1542; x_wconf 84' lang='lat' dir='ltr'>duntaxat</span> <span class='ocrx_word' id='word_1_79' title='bbox 819 1444 937 1538; x_wconf 21' lang='lat' dir='ltr'>„velim</span> <span class='ocrx_word' id='word_1_80' title='bbox 950 1461 1067 1519; x_wconf 92' lang='lat' dir='ltr'>atten-</span> 
     </span>
     <span class='ocr_line' id='line_1_11' title="bbox 64 1547 1165 1664; baseline 0 -32"><span class='ocrx_word' id='word_1_81' title='bbox 64 1560 123 1633; x_wconf 88' lang='lat' dir='ltr'>das</span> <span class='ocrx_word' id='word_1_82' title='bbox 135 1589 217 1660; x_wconf 90' lang='lat' dir='ltr'>quae</span> <span class='ocrx_word' id='word_1_83' title='bbox 239 1547 387 1634; x_wconf 88' lang='lat' dir='ltr'>uterum</span> <span class='ocrx_word' id='word_1_84' title='bbox 401 1547 580 1664; x_wconf 77' lang='lat' dir='ltr'>exhibant</span> <span class='ocrx_word' id='word_1_85' title='bbox 601 1563 641 1632; x_wconf 92' lang='lat' dir='ltr'>in</span> <span class='ocrx_word' id='word_1_86' title='bbox 666 1565 749 1661; x_wconf 89' lang='lat' dir='ltr'>ipso</span> <span class='ocrx_word' id='word_1_87' title='bbox 769 1579 879 1661; x_wconf 86' lang='lat' dir='ltr'>partu</span> <span class='ocrx_word' id='word_1_88' title='bbox 899 1564 951 1634; x_wconf 88' lang='lat' dir='ltr'>sic</span> <span class='ocrx_word' id='word_1_89' title='bbox 978 1589 1065 1660; x_wconf 87' lang='lat' dir='ltr'>pro·</span> <span class='ocrx_word' id='word_1_90' title='bbox 1162 1601 1165 1606; x_wconf 76' lang='lat'>,</span> 
     </span>
     <span class='ocr_line' id='line_1_12' title="bbox 64 1679 1064 1776; baseline 0.002 -28"><span class='ocrx_word' id='word_1_91' title='bbox 64 1679 212 1776; x_wconf 88' lang='lat' dir='ltr'>lapsum.</span> <span class='ocrx_word' id='word_1_92' title='bbox 241 1681 368 1752; x_wconf 89' lang='lat' dir='ltr'>Minus</span> <span class='ocrx_word' id='word_1_93' title='bbox 382 1681 482 1750; x_wconf 89' lang='lat' dir='ltr'>enim</span> <span class='ocrx_word' id='word_1_94' title='bbox 495 1679 582 1751; x_wconf 90' lang='lat' dir='ltr'>dein</span> <span class='ocrx_word' id='word_1_95' title='bbox 594 1680 808 1768; x_wconf 87' lang='lat' dir='ltr'>miraberis,</span> <span class='ocrx_word' id='word_1_96' title='bbox 825 1679 1064 1752; x_wconf 90' lang='lat' dir='ltr'>vinculorum</span> 
     </span>
     <span class='ocr_line' id='line_1_13' title="bbox 66 1783 1148 1897; baseline 0.003 -32"><span class='ocrx_word' id='word_1_97' title='bbox 66 1795 259 1894; x_wconf 90' lang='lat' dir='ltr'>dequibus</span> <span class='ocrx_word' id='word_1_98' title='bbox 273 1783 663 1896; x_wconf 68' lang='lat' dir='ltr'>dicebamuslb),illas</span> <span class='ocrx_word' id='word_1_99' title='bbox 678 1798 940 1870; x_wconf 88' lang='lat' dir='ltr'>distractiones</span> <span class='ocrx_word' id='word_1_100' title='bbox 949 1822 1064 1897; x_wconf 64' lang='lat' dir='ltr'>vposse</span> <span class='ocrx_word' id='word_1_101' title='bbox 1146 1819 1148 1827; x_wconf 73' lang='grc'>’</span> 
     </span>
     <span class='ocr_line' id='line_1_14' title="bbox 64 1897 1066 2016; baseline 0.009 -36"><span class='ocrx_word' id='word_1_102' title='bbox 64 1909 139 1986; x_wconf 89' lang='lat' dir='ltr'>fieri</span> <span class='ocrx_word' id='word_1_103' title='bbox 152 1942 236 2014; x_wconf 87' lang='lat' dir='ltr'>quae</span> <span class='ocrx_word' id='word_1_104' title='bbox 246 1897 383 1988; x_wconf 86' lang='lat' dir='ltr'>sensim</span> <span class='ocrx_word' id='word_1_105' title='bbox 396 1971 405 2002; x_wconf 96' lang='lat'>,</span> <span class='ocrx_word' id='word_1_106' title='bbox 417 1899 610 2014; x_wconf 85' lang='lat' dir='ltr'>longoque</span> <span class='ocrx_word' id='word_1_107' title='bbox 625 1918 806 2016; x_wconf 87' lang='lat' dir='ltr'>temporis</span> <span class='ocrx_word' id='word_1_108' title='bbox 824 1918 942 2014; x_wconf 88' lang='lat' dir='ltr'>spatio</span> <span class='ocrx_word' id='word_1_109' title='bbox 952 1913 1066 2004; x_wconf 82' lang='lat' dir='ltr'>liunt,</span> 
     </span>
     <span class='ocr_line' id='line_1_15' title="bbox 64 2017 1068 2128; baseline 0.003 -27"><span class='ocrx_word' id='word_1_110' title='bbox 64 2021 265 2128; x_wconf 82' lang='lat' dir='ltr'>praesertim</span> <span class='ocrx_word' id='word_1_111' title='bbox 285 2059 371 2122; x_wconf 83' lang='lat' dir='ltr'>cum</span> <span class='ocrx_word' id='word_1_112' title='bbox 385 2017 531 2120; x_wconf 72' lang='lat' dir='ltr'>feminae</span> <span class='ocrx_word' id='word_1_113' title='bbox 554 2034 605 2106; x_wconf 88' lang='lat' dir='ltr'>sic</span> <span class='ocrx_word' id='word_1_114' title='bbox 621 2031 760 2108; x_wconf 82' lang='lat' dir='ltr'>affectae</span> <span class='ocrx_word' id='word_1_115' title='bbox 779 2035 938 2108; x_wconf 86' lang='lat' dir='ltr'>molesto</span> <span class='ocrx_word' id='word_1_116' title='bbox 955 2058 1068 2106; x_wconf 91' lang='lat' dir='ltr'>sensu</span> 
     </span>
     <span class='ocr_line' id='line_1_16' title="bbox 64 2151 1067 2250; baseline 0.004 -32"><span class='ocrx_word' id='word_1_117' title='bbox 64 2174 136 2220; x_wconf 91' lang='lat' dir='ltr'>uon</span> <span class='ocrx_word' id='word_1_118' title='bbox 153 2169 326 2237; x_wconf 86' lang='lat' dir='ltr'>careant,</span> <span class='ocrx_word' id='word_1_119' title='bbox 358 2151 430 2224; x_wconf 91' lang='lat' dir='ltr'>illis</span> <span class='ocrx_word' id='word_1_120' title='bbox 455 2151 763 2224; x_wconf 89' lang='lat' dir='ltr'>distractionibus</span> <span class='ocrx_word' id='word_1_121' title='bbox 791 2151 1067 2250; x_wconf 85' lang='lat' dir='ltr'>respondente,</span> 
     </span>
     <span class='ocr_line' id='line_1_17' title="bbox 65 2267 1069 2372; baseline 0.002 -34"><span class='ocrx_word' id='word_1_122' title='bbox 65 2293 184 2366; x_wconf 88' lang='lat' dir='ltr'>neque</span> <span class='ocrx_word' id='word_1_123' title='bbox 205 2269 365 2368; x_wconf 86' lang='lat' dir='ltr'>pristina</span> <span class='ocrx_word' id='word_1_124' title='bbox 386 2267 557 2350; x_wconf 86' lang='lat' dir='ltr'>facilitate</span> <span class='ocrx_word' id='word_1_125' title='bbox 579 2285 642 2372; x_wconf 88' lang='lat' dir='ltr'>aut</span> <span class='ocrx_word' id='word_1_126' title='bbox 666 2271 1069 2366; x_wconf 83' lang='lat' dir='ltr'>rectumintestinum,</span> 
     </span>
     <span class='ocr_line' id='line_1_18' title="bbox 64 2367 1069 2486; baseline 0.007 -32"><span class='ocrx_word' id='word_1_127' title='bbox 64 2403 123 2457; x_wconf 86' lang='lat' dir='ltr'>aut</span> <span class='ocrx_word' id='word_1_128' title='bbox 142 2389 327 2474; x_wconf 90' lang='lat' dir='ltr'>vesicam,</span> <span class='ocrx_word' id='word_1_129' title='bbox 354 2403 418 2459; x_wconf 86' lang='lat' dir='ltr'>aut</span> <span class='ocrx_word' id='word_1_130' title='bbox 450 2367 655 2484; x_wconf 82' lang='lat' dir='ltr'>utrumque</span> <span class='ocrx_word' id='word_1_131' title='bbox 690 2403 923 2460; x_wconf 84' lang='lat' dir='ltr'>exonerent:</span> <span class='ocrx_word' id='word_1_132' title='bbox 955 2413 1069 2486; x_wconf 91' lang='lat' dir='ltr'>quam</span> 
     </span>
     <span class='ocr_line' id='line_1_19' title="bbox 63 2489 1070 2603; baseline 0.004 -31"><span class='ocrx_word' id='word_1_133' title='bbox 63 2489 323 2577; x_wconf 51' lang='lat' dir='ltr'>&#39;difficultatem</span> <span class='ocrx_word' id='word_1_134' title='bbox 351 2507 390 2576; x_wconf 90' lang='lat' dir='ltr'>in</span> <span class='ocrx_word' id='word_1_135' title='bbox 418 2505 603 2603; x_wconf 89' lang='lat' dir='ltr'>quadam,</span> <span class='ocrx_word' id='word_1_136' title='bbox 621 2506 682 2574; x_wconf 90' lang='lat' dir='ltr'>cui</span> <span class='ocrx_word' id='word_1_137' title='bbox 700 2507 833 2602; x_wconf 86' lang='lat' dir='ltr'>vagina</span> <span class='ocrx_word' id='word_1_138' title='bbox 857 2521 1070 2578; x_wconf 84' lang='lat' dir='ltr'>extrorsum</span> 
     </span>
     <span class='ocr_line' id='line_1_20' title="bbox 61 2621 1068 2722; baseline 0 -30"><span class='ocrx_word' id='word_1_139' title='bbox 61 2624 353 2722; x_wconf 82' lang='lat' dir='ltr'>propendebat,</span> <span class='ocrx_word' id='word_1_140' title='bbox 396 2623 494 2694; x_wconf 89' lang='lat' dir='ltr'>banc</span> <span class='ocrx_word' id='word_1_141' title='bbox 538 2621 769 2695; x_wconf 91' lang='lat' dir='ltr'>sublevando</span> <span class='ocrx_word' id='word_1_142' title='bbox 811 2622 1068 2708; x_wconf 86' lang='lat' dir='ltr'>emendatam,</span> 
     </span>
     <span class='ocr_line' id='line_1_21' title="bbox 62 2743 1071 2840; baseline 0 -30"><span class='ocrx_word' id='word_1_143' title='bbox 62 2756 231 2814; x_wconf 90' lang='lat' dir='ltr'>nontam</span> <span class='ocrx_word' id='word_1_144' title='bbox 249 2767 269 2812; x_wconf 90' lang='lat' dir='ltr'>a</span> <span class='ocrx_word' id='word_1_145' title='bbox 288 2743 568 2840; x_wconf 84' lang='lat' dir='ltr'>compressione</span> <span class='ocrx_word' id='word_1_146' title='bbox 586 2764 717 2812; x_wconf 90' lang='lat' dir='ltr'>eorum</span> <span class='ocrx_word' id='word_1_147' title='bbox 730 2755 941 2827; x_wconf 87' lang='lat' dir='ltr'>meatuum,</span> <span class='ocrx_word' id='word_1_148' title='bbox 957 2765 1071 2838; x_wconf 89' lang='lat' dir='ltr'>quam</span> 
     </span>
     <span class='ocr_line' id='line_1_22' title="bbox 64 2855 1071 2958; baseline -0.001 -30"><span class='ocrx_word' id='word_1_149' title='bbox 64 2859 109 2931; x_wconf 92' lang='lat' dir='ltr'>ab</span> <span class='ocrx_word' id='word_1_150' title='bbox 126 2861 303 2958; x_wconf 92' lang='lat' dir='ltr'>ipsorum</span> <span class='ocrx_word' id='word_1_151' title='bbox 326 2857 576 2946; x_wconf 86' lang='lat' dir='ltr'>distorsione‚</span> <span class='ocrx_word' id='word_1_152' title='bbox 608 2873 766 2956; x_wconf 90' lang='lat' dir='ltr'>propter</span> <span class='ocrx_word' id='word_1_153' title='bbox 790 2855 955 2956; x_wconf 83' lang='lat' dir='ltr'>alligatas</span> <span class='ocrx_word' id='word_1_154' title='bbox 981 2883 1071 2955; x_wconf 91' lang='lat' dir='ltr'>pro-</span> 
     </span>
     <span class='ocr_line' id='line_1_23' title="bbox 62 2973 1073 3076; baseline -0.001 -28"><span class='ocrx_word' id='word_1_155' title='bbox 62 2978 268 3074; x_wconf 90' lang='lat' dir='ltr'>pendentis</span> <span class='ocrx_word' id='word_1_156' title='bbox 283 2980 423 3076; x_wconf 84' lang='lat' dir='ltr'>vaginae</span> <span class='ocrx_word' id='word_1_157' title='bbox 445 2976 558 3048; x_wconf 85' lang='lat' dir='ltr'>libras</span> <span class='ocrx_word' id='word_1_158' title='bbox 577 2978 616 3046; x_wconf 91' lang='lat' dir='ltr'>in</span> <span class='ocrx_word' id='word_1_159' title='bbox 636 2975 835 3072; x_wconf 90' lang='lat' dir='ltr'>obliquum</span> <span class='ocrx_word' id='word_1_160' title='bbox 860 2973 1073 3064; x_wconf 84' lang='lat' dir='ltr'>trahentes,</span> 
     </span>
     <span class='ocr_line' id='line_1_24' title="bbox 64 3093 1073 3192; baseline -0.002 -27"><span class='ocrx_word' id='word_1_161' title='bbox 64 3111 98 3166; x_wconf 94' lang='lat' dir='ltr'>et</span> <span class='ocrx_word' id='word_1_162' title='bbox 118 3121 156 3168; x_wconf 88' lang='lat' dir='ltr'>se</span> <span class='ocrx_word' id='word_1_163' title='bbox 177 3121 315 3168; x_wconf 89' lang='lat' dir='ltr'>eornm</span> <span class='ocrx_word' id='word_1_164' title='bbox 335 3121 467 3166; x_wconf 86' lang='lat' dir='ltr'>cavum</span> <span class='ocrx_word' id='word_1_165' title='bbox 486 3109 692 3181; x_wconf 88' lang='lat' dir='ltr'>arctantes,</span> <span class='ocrx_word' id='word_1_166' title='bbox 719 3093 913 3192; x_wconf 87' lang='lat' dir='ltr'>repetebat</span> <span class='ocrx_word' id='word_1_167' title='bbox 927 3093 1073 3192; x_wconf 85' lang='lat' dir='ltr'>Slevog·</span> 
     </span>
    </p>
   </div>
   <div class='ocr_carea' id='block_1_5' title="bbox 163 3529 981 3908">
    <p class='ocr_par' dir='ltr' id='par_1_5' title="bbox 163 3529 924 3706">
     <span class='ocr_line' id='line_1_25' title="bbox 163 3529 924 3605; baseline -0.011 -15"><span class='ocrx_word' id='word_1_168' title='bbox 163 3536 202 3590; x_wconf 88' lang='lat' dir='ltr'>In</span> <span class='ocrx_word' id='word_1_169' title='bbox 218 3531 314 3588; x_wconf 84' lang='lat' dir='ltr'>addit.</span> <span class='ocrx_word' id='word_1_170' title='bbox 331 3532 370 3588; x_wconf 90' lang='lat' dir='ltr'>ad</span> <span class='ocrx_word' id='word_1_171' title='bbox 383 3531 502 3586; x_wconf 86' lang='lat' dir='ltr'>exercit.</span> <span class='ocrx_word' id='word_1_172' title='bbox 516 3531 553 3586; x_wconf 90' lang='lat' dir='ltr'>de</span> <span class='ocrx_word' id='word_1_173' title='bbox 566 3537 698 3605; x_wconf 81' lang='lat' dir='ltr'>generat.</span> <span class='ocrx_word' id='word_1_174' title='bbox 710 3529 764 3584; x_wconf 89' lang='lat' dir='ltr'>ubi</span> <span class='ocrx_word' id='word_1_175' title='bbox 779 3530 815 3586; x_wconf 90' lang='lat' dir='ltr'>de</span> <span class='ocrx_word' id='word_1_176' title='bbox 826 3539 924 3604; x_wconf 87' lang='lat' dir='ltr'>partu.</span> 
     </span>
     <span class='ocr_line' id='line_1_26' title="bbox 165 3629 725 3706; baseline -0.011 -17"><span class='ocrx_word' id='word_1_177' title='bbox 165 3633 247 3689; x_wconf 86' lang='lat' dir='ltr'>Obs.</span> <span class='ocrx_word' id='word_1_178' title='bbox 261 3650 352 3706; x_wconf 83' lang='lat' dir='ltr'>supra</span> <span class='ocrx_word' id='word_1_179' title='bbox 364 3631 402 3688; x_wconf 87' lang='lat' dir='ltr'>ad</span> <span class='ocrx_word' id='word_1_180' title='bbox 414 3651 444 3685; x_wconf 92' lang='lat' dir='ltr'>n.</span> <span class='ocrx_word' id='word_1_181' title='bbox 464 3630 543 3698; x_wconf 64' lang='lat' dir='ltr'>leit.</span> <span class='ocrx_word' id='word_1_182' title='bbox 561 3635 576 3700; x_wconf 74' lang='lat' dir='ltr'>S</span> <span class='ocrx_word' id='word_1_183' title='bbox 591 3629 650 3686; x_wconf 72' lang='lat' dir='ltr'>6fet</span> <span class='ocrx_word' id='word_1_184' title='bbox 665 3647 725 3704; x_wconf 74' lang='lat' dir='ltr'>seq,</span> 
     </span>
    </p>

    <p class='ocr_par' dir='ltr' id='par_1_6' title="bbox 164 3728 981 3908">
     <span class='ocr_line' id='line_1_27' title="bbox 164 3728 981 3806; baseline -0.006 -17"><span class='ocrx_word' id='word_1_185' title='bbox 164 3737 325 3806; x_wconf 81' lang='lat' dir='ltr'>Program.</span> <span class='ocrx_word' id='word_1_186' title='bbox 339 3749 399 3806; x_wconf 91' lang='lat' dir='ltr'>quo</span> <span class='ocrx_word' id='word_1_187' title='bbox 414 3731 493 3787; x_wconf 86' lang='lat' dir='ltr'>facil.</span> <span class='ocrx_word' id='word_1_188' title='bbox 509 3741 630 3788; x_wconf 85' lang='lat' dir='ltr'>extract.</span> <span class='ocrx_word' id='word_1_189' title='bbox 646 3730 709 3787; x_wconf 83' lang='lat' dir='ltr'>foet.</span> <span class='ocrx_word' id='word_1_190' title='bbox 725 3729 758 3784; x_wconf 91' lang='lat' dir='ltr'>in</span> <span class='ocrx_word' id='word_1_191' title='bbox 769 3728 886 3804; x_wconf 77' lang='lat' dir='ltr'>procid.</span> <span class='ocrx_word' id='word_1_192' title='bbox 904 3738 981 3786; x_wconf 82' lang='lat' dir='ltr'>uter.</span> 
     </span>
     <span class='ocr_line' id='line_1_28' title="bbox 166 3831 556 3908; baseline 0 -20"><span class='ocrx_word' id='word_1_193' title='bbox 166 3833 248 3888; x_wconf 86' lang='lat' dir='ltr'>Obs.</span> <span class='ocrx_word' id='word_1_194' title='bbox 263 3850 352 3908; x_wconf 86' lang='lat' dir='ltr'>supra</span> <span class='ocrx_word' id='word_1_195' title='bbox 368 3831 406 3888; x_wconf 86' lang='lat' dir='ltr'>ad</span> <span class='ocrx_word' id='word_1_196' title='bbox 423 3851 454 3888; x_wconf 88' lang='lat' dir='ltr'>n.</span> <span class='ocrx_word' id='word_1_197' title='bbox 469 3848 489 3892; x_wconf 71' lang='lat' dir='ltr'>a,</span> <span class='ocrx_word' id='word_1_198' title='bbox 507 3832 556 3888; x_wconf 90' lang='lat' dir='ltr'>cit.</span> 
     </span>
    </p>
   </div>
   <div class='ocr_carea' id='block_1_6' title="bbox 0 0 1400 4668">
    <p class='ocr_par' dir='ltr' id='par_1_7' title="bbox 0 0 1400 4668">
     <span class='ocr_line' id='line_1_29' title="bbox 0 0 1400 4668; baseline 0 0"><span class='ocrx_word' id='word_1_199' title='bbox 0 0 1400 4668; x_wconf 95' lang='lat' dir='ltr'> </span> 
     </span>
    </p>
   </div>
  </div>
 </body>
</html>
