2726 4676
130 485 196 536 cn.
226 476 280 534 nn
309 471 839 550 nrmorrrsrnrrnts,rr1sr.
868 488 953 536 xun.
984 487 1050 564 227

63 605 152 674 riam
182 625 231 674 eo
260 616 431 698 tempore
461 600 665 697 presertim
701 622 778 697 quo
805 602 989 688 necdum,
1016 621 1056 676 ut

63 695 150 806 hose,
170 735 228 792 tot
250 721 391 790 monita
410 727 447 790 et
466 719 733 815 praeceptiones
753 731 789 789 et
810 721 1057 793 instrumenta

64 829 315 924 decesserunt,
332 857 400 935 per
418 861 501 934 quae
527 835 573 906 ad
599 833 865 934 perfectionem
889 843 1056 936 proxime

65 956 317 1028 adduceretur.
343 955 413 1026 Sed
439 953 484 1024 ad
509 953 751 1025 lithotomum
780 955 885 1026 illum
911 957 1056 1056 dequo

66 1065 223 1170 coeptum
245 1089 324 1143 erat
343 1071 436 1158 dici,
455 1071 663 1142 redeamus.

113 1212 163 1262 iu
185 1190 301 1282 Quod
318 1189 489 1287 is‚digito
509 1189 546 1258 tn
567 1188 741 1287 podicem
754 1189 1059 1278 immisso,modo

68 1307 1059 1407 calculossentiretnnodononsentiret,mnltipiexesse

68 1425 1061 1527 ejusreicuusaput‘estmecminusperitisquumimpe·

69 1543 138 1612 ritis
154 1539 461 1641 explordtoribus
475 1540 512 1610 id
526 1558 725 1638 supenum
738 1555 781 1610 ro
799 1543 942 1614 accidit.
960 1549 1063 1616 Peri-

69 1659 220 1732 t'nsitnns
234 1663 373 1732 iscerte
388 1671 478 1748 erat,
488 1673 524 1730 et
539 1667 593 1729 est
604 1663 660 1728 vir
670 1659 778 1729 etto.
794 1658 1062 1733 AntoninsGal-

72 1773 133 1860 lus,
149 1777 319 1849 medicus
333 1791 369 1847 et
386 1776 631 1872 chirurgusin
645 1778 774 1873 primis
789 1775 977 1862 laudatus,
994 1781 1061 1875 qui

71 1877 164 1966 mnis
183 1893 441 1994 superioribus
456 1893 623 1963 Bononia
631 1895 830 1965 accersitus
846 1897 1058 1965 Faventiam
1116 1888 1120 1898 ‘

58 2007 179 2092 ,suern
191 2007 327 2085 eodem
346 2027 515 2108 tempore
530 2027 607 2107 quo
623 2029 692 2110 ego
708 2037 751 2081 ex
761 2035 863 2100 mea,
885 2011 950 2082 ubi
966 2010 1060 2084 forte

73 2139 152 2200 tunc
163 2155 264 2202 eram
280 2186 289 2216 ,
308 2129 425 2228 patria
438 2127 483 2198 ad
500 2144 578 2198 non
592 2111 919 2225 vuigaremvirnm,
936 2131 1064 2227 pleris-

77 2265 276 2338 queeoruni
290 2251 481 2345 signorum
494 2241 667 2316 affectum
678 2248 894 2342 qnaevesirae
902 2245 1063 2345 lapidem

76 2366 302 2437 comitantur.
324 2365 450 2461 Digito
466 2364 526 2434 ille
540 2361 723 2449 immisse,
744 2363 929 2433 calculum
951 2391 1064 2461 quem

76 2494 168 2552 antea
183 2493 424 2580 perceperat,
443 2501 488 2551 eu
499 2497 668 2577 ternpore
681 2495 866 2577 nusquam
883 2483 1003 2578 potuit
1014 2483 1066 2553 in·

76 2601 201 2671 venire.
216 2601 294 2672 Nec
310 2611 433 2670 tamen
448 2613 645 2697 propterea
664 2593 810 2667 nullum
826 2619 903 2670 esse
918 2601 1066 2674 conclu·

79 2713 202 2805 simus,
222 2739 308 2790 curn
326 2719 428 2813 signu
447 2716 507 2786 illa
527 2724 745 2814 perstarent.
764 2719 846 2786 Imo
868 2742 915 2787 ne
936 2733 1065 2814 postea
1093 2729 1099 2744 ‘
1195 2783 1198 2790 .

79 2831 241 2923 quidem,
275 2848 360 2905 cum
391 2833 610 2904 viderentur
640 2834 843 2903 evanuisse.
877 2831 934 2902 Ab
967 2857 1065 2931 aegro

79 2948 187 3037 enim,
207 2974 338 3023 mense
355 2953 504 3021 circiter
531 2947 657 3047 elapso
684 2947 731 3020 ab
754 2974 799 3020 eo
818 2948 899 3036 dre,
929 2951 1067 3043 certior
1098 3009 1100 3014 .
1164 3019 1167 3025 .

81 3056 185 3137 tactus
202 3090 308 3152 snm,
336 3091 421 3139 cum
447 3067 631 3164 podagra,
652 3067 712 3138 cui
737 3066 826 3137 olim
851 3062 978 3138 fuisset
1002 3066 1068 3138 ob-

81 3184 224 3271 noxius,
242 3174 329 3257 dein
350 3207 440 3256 vero
455 3209 475 3255 a
495 3183 611 3282 lungo
628 3199 797 3281 tempore
810 3183 970 3280 amplius
988 3209 1069 3256 non

83 3307 166 3384 eru,
187 3317 280 3376 tunc·
305 3303 376 3375 sibi
404 3307 558 3399 repente
587 3299 775 3387 rediisset,
806 3303 931 3370 omnia
960 3301 1071 3374 simul

84 3411 205 3490 abiisse
220 3422 347 3492 vesicas
365 3417 603 3490 incommoda
619 3443 628 3505 ;
648 3420 772 3514 itaque
797 3441 874 3486 nou
896 3417 1073 3492 dubitare

86 3533 167 3622 quin
184 3561 252 3635 ego
271 3540 310 3608 in
326 3553 448 3622 snam,
465 3538 519 3606 uti
533 3534 706 3634 optabat,
724 3537 943 3606 sententiam
956 3551 1072 3610 trans·

86 3643 186 3740 irem,
205 3681 282 3733 non
299 3681 319 3726 a
336 3653 480 3725 calculo
494 3652 557 3723 sed
571 3651 618 3723 ab
629 3652 841 3735 tintinnire,
857 3656 1014 3723 vesicam
1030 3657 1074 3724 ir-

89 3759 227 3860 ritante,
250 3773 401 3844 materia
427 3769 537 3840 fnisse
558 3793 599 3839 ea
623 3769 826 3863 dequibus
855 3791 940 3837 cum
966 3771 1073 3842 ades·

92 3896 176 3967 seui,
200 3913 315 3986 usqne
345 3887 440 3958 adeo
467 3900 695 3980 conquestus
726 3881 856 3953 fuerat.
883 3889 960 3979 Ego
983 3909 1073 3956 vero

95 4012 289 4076 constanter
303 4004 502 4102 respondi,
522 4001 841 4100 quemadmodum
868 4025 912 4069 ex
937 4002 1007 4074 illis
1027 4003 1074 4074 de

840 4113 905 4185 15*
