2790 4668
314 375 384 448 52ss
478 399 524 444 nn
551 388 697 446 tremus
721 399 765 446 rr
791 397 915 448 causis
941 399 1151 450 nonnosum

313 537 398 598 sus,
423 528 467 582 ut
499 512 678 583 naturalis
712 513 877 608 pectoris
915 528 1103 586 structura
1137 516 1313 614 postulat,

312 625 579 730 prominebant
593 655 600 695 :
619 629 744 724 itaque
762 627 808 698 ad
822 629 966 728 singula
979 633 1096 702 sterni
1110 631 1231 704 latera
1249 617 1314 702 sin·

314 745 407 846 gulae
427 770 568 844 magnae
581 747 694 815 erant'
706 759 895 818 costarum
919 745 1203 844 depressiones,
1228 772 1315 846 quas

313 889 482 938 mammae
501 877 537 931 et
554 857 768 958 pinguedo,
787 864 844 934 uti
869 861 1014 935 dictum
1037 868 1314 954 est,‘extrinse·

313 1005 380 1054 cus
406 977 654 1076 inaequabant.
675 977 845 1051 Thorace
870 979 1037 1081 rmluso,
1059 983 1216 1054 sinister
1237 983 1315 1080 pul·

313 1122 377 1168 mo
389 1097 518 1193 aliquo
537 1095 644 1182 loco,
664 1111 700 1166 et
717 1094 871 1168 leviter:
896 1097 1026 1170 dexter
1053 1114 1182 1170 autem
1203 1097 1314 1170 ferme

315 1215 503 1311 undique,
521 1215 714 1312 superiore
727 1228 881 1314 excepta
893 1215 1093 1312 particula,
1109 1219 1313 1290 arctissime

314 1329 361 1404 ad
387 1331 558 1430 pleuram
586 1329 780 1402 adhaerens
812 1333 987 1404 inventus
1016 1349 1071 1404 est
1098 1359 1171 1432 per
1191 1360 1316 1432 quam·

313 1450 400 1522 dam
428 1451 534 1547 quasi
557 1447 833 1535 membranam,
864 1475 948 1550 quae
978 1467 1113 1549 praeter
1146 1469 1316 1524 naturam

312 1569 447 1640 tunicae
467 1567 640 1666 pulmoni
660 1566 812 1641 inducta
840 1581 928 1638 erat.
954 1568 1159 1640 Pulmones
1189 1569 1316 1640 ambos

313 1711 399 1760 cum
425 1709 657 1771 secaremus,
678 1683 811 1770 duros,
832 1700 870 1756 et
890 1687 997 1782 quasi
1015 1686 1222 1758 tendineos
1242 1686 1317 1786 plu·

313 1803 419 1876 ribus
441 1801 668 1875 offendimus
699 1801 813 1887 locis3
837 1825 1020 1902 grumoso
1046 1818 1245 1900 praeterea,
1257 1803 1316 1874 hu·

312 1945 436 2008 more,
469 1921 575 2018 qnasi
594 1918 705 1992 saliva
734 1917 919 2016 quadam,
953 1922 1090 2017 passim
1119 1936 1315 1994 scatentes.

310 2037 562 2112 Pericardium
575 2061 653 2106 non
672 2061 831 2134 paucam
844 2035 978 2108 habuit
995 2061 1130 2135 aquam
1148 2063 1194 2108 ex
1213 2037 1316 2110 fusco

310 2156 510 2230 turbidam.
546 2153 679 2226 Cordis
703 2170 828 2226 autem
855 2169 1017 2252 uterque
1046 2153 1241 2227 thalamus
1270 2158 1318 2226 ni·

309 2297 420 2374 grum
437 2273 678 2370 sanguinem,
698 2287 736 2344 et
754 2269 934 2362 fluidum,
958 2272 1078 2371 qualis
1095 2271 1217 2374 ferme
1234 2273 1317 2349 nhi-

310 2414 384 2488 que
404 2391 443 2462 in
463 2390 538 2462 hoc
560 2415 719 2488 corpore
737 2389 979 2482 occurrebat:
1001 2389 1131 2466 dexter
1155 2380 1315 2490 insu'per

308 2507 495 2580 modicam
514 2509 734 2606 polyposam
752 2522 1053 2598 concretionem,
1076 2507 1221 2596 albam,
1252 2507 1314 2580 sed

307 2626 482 2714 mollem,
515 2627 576 2698 cui
607 2625 736 2697 similis
768 2625 883 2696 altera
918 2627 958 2696 in
991 2627 1208 2724 pulmonari
1248 2625 1314 2698 fnit

307 2745 460 2830 arteria,
474 2743 638 2840 plurimo
651 2766 737 2813 cum
749 2745 939 2840 sanguine.
960 2747 1039 2815 Hoc
1056 2743 1313 2842 turgidissima

309 2879 388 2936 erat
410 2858 579 2933 auricula
603 2859 778 2948 dextera3
811 2861 966 2958 strigoso
989 2878 1113 2932 autem
1147 2863 1310 2933 sinistra.

308 2987 450 3054 Verum
474 2980 561 3051 huic
588 2979 762 3050 auriculae
784 3001 952 3052 annexus
970 2981 1224 3068 ventriculus,
1249 3007 1313 3052 na·

307 3099 418 3171 turali
441 3099 624 3196 amplior,
651 3122 729 3168 non
755 3121 875 3168 unum
909 3097 1044 3168 obtulit
1076 3098 1311 3170 animadver-

307 3217 412 3291 sione
437 3213 605 3312 dignum.
642 3217 831 3312 Namque,
859 3229 901 3285 ut
920 3213 1114 3286 tendineas
1137 3217 1309 3288 omittam

307 3333 464 3406 fibrillas
483 3359 565 3430 quae
583 3333 682 3403 inter
701 3332 864 3404 mitrales
889 3331 1072 3422 valvulas,
1094 3331 1310 3406 eolumnas-

310 3479 384 3550 que
409 3451 730 3537 ducuntur,visas
754 3473 832 3522 esse
849 3449 975 3547 plures
995 3474 1109 3547 quam
1134 3451 1308 3540 soleant,

307 3583 415 3640 certae
434 3595 483 3642 eae
501 3569 685 3657 columnae
717 3583 823 3640 erant
849 3593 958 3666 aequo
993 3571 1213 3656 crassioreS,
1241 3569 1310 3642 du·

306 3692 520 3784 rioresque,
536 3685 711 3759 utmulto
729 3687 854 3784 potius
874 3685 1208 3784 tendineae,quam
1228 3711 1307 3768 car-

305 3831 384 3878 neae
410 3803 647 3893 viderentur,
689 3807 768 3882 sive¹
795 3805 962 3876 colorem
994 3819 1205 3902 spectares,
1239 3806 1305 3903 qui

308 3922 415 3994 albus
426 3937 523 4008 erat,
543 3921 800 3999 siverenixum
817 3924 1029 4011 attenderes
1044 3947 1159 4022 quem
1169 3923 1308 3996 secanti
