2726 4676
303 438 372 531 274
468 457 513 502 us
540 455 685 504 surmus
710 457 753 502 rr
778 455 902 503 csusrs
928 457 1136 506 aronuonuu

299 569 415 640 urinae
436 582 526 640 tunc
543 567 735 650 educitur,
754 565 1006 664 quam'resica
1030 571 1221 641 continere
1235 569 1280 636 ri*

245 747 248 754 .
299 683 448 770 deutur,
464 689 608 781 purtim
635 707 661 752 a
693 683 859 756 distentis
888 709 1036 781 quoque
1072 685 1282 769 ureteribus,

289 807 434 899 partim
457 802 506 871 ub
531 806 618 898 ipsis
647 786 914 898 nonnunquam
940 802 1132 900 ampliatis
1153 802 1281 872 renibus

292 919 482 1015 profluere
494 941 619 1014 posse.
647 919 832 990 Nimirum
857 943 944 990 cum
973 920 1057 1017 plus
1071 912 1204 990 'vesica
1218 917 1281 1013 jam

297 1056 431 1129 capere
448 1057 525 1104 non
543 1047 685 1129 potest,
709 1034 895 1130 quidquid
916 1034 997 1106 lotii
1013 1035 1155 1131 jugiter
1175 1037 1212 1104 in
1234 1056 1279 1102 rc·

294 1148 408 1242 nibus
428 1151 651 1236 secernitur,
675 1167 839 1222 ureteres
869 1152 1056 1248 primum,
1085 1166 1281 1222 tumreues

294 1291 449 1364 quoque
465 1268 567 1364 ipsos
583 1265 771 1338 distendit.
787 1271 872 1340 Non
888 1267 926 1338 id
936 1265 1029 1366 fugit
1039 1265 1280 1362 Aretaeummt

298 1383 371 1452 Ubi
388 1389 498 1456 urina
507 1385 545 1454 in
556 1385 676 1456 vesica
690 1391 952 1484 supprimitur,
971 1391 1181 1482 superiores
1199 1407 1277 1480 quo·

293 1525 364 1596 que
386 1515 536 1598 parter,
556 1501 700 1597 inquit,
722 1527 826 1572 renes
860 1502 1054 1588 uidelicet,
1082 1503 1275 1600 replentur:

291 1623 411 1690 uriuoe
440 1617 572 1696 ductus
588 1621 716 1713 (graeci
731 1633 891 1690 meteres
919 1618 1132 1717 appellanti
1155 1619 1274 1690 duren-

289 1732 438 1804 duntur.
458 1737 548 1824 Quae
569 1759 655 1804 cum
675 1736 784 1806 etiam
809 1736 996 1822 accidant,
1013 1735 1078 1808 ubi
1104 1737 1227 1808 nullus
1243 1737 1272 1802 in

289 1853 408 1924 vesica
428 1867 503 1936 est,
518 1867 582 1922 aut
606 1863 715 1924 antea
742 1851 856 1926 fuisse
884 1852 1023 1926 dicitur
1048 1853 1225 1939 calculus,
1241 1863 1273 1922 ut

236 1991 238 1998 ·
288 1970 328 2038 in
357 1969 560 2066 propositis
588 1969 789 2066 exemplis,
811 1972 974 2068 itemque
1010 1972 1048 2040 in
1080 1969 1273 2068 eo.qu0da

289 2087 515 2158 Commercii
535 2086 722 2162 Litterarii
737 2085 790 2182 (a)
819 2087 1036 2160 auctoribus
1049 2103 1273 2170 recensetur,

288 2203 404 2276 autin
424 2207 592 2274 Caesareae
610 2203 815 2276 Academiae
831 2205 931 2278 Actis
955 2204 1027 2302 (3),
1050 2219 1115 2278 aut
1140 2208 1179 2276 in
1199 2206 1272 2276 Hel-

287 2319 416 2400 ¹veticis
443 2318 516 2416 (A)
538 2320 610 2416 legi
642 2335 785 2418 potest;
823 2321 1003 2419 impedito
1039 2322 1141 2396 enim
1173 2323 1274 2394 uriae

287 2433 426 2508 effluxu
445 2461 465 2508 e
485 2438 605 2508 vesica
621 2437 666 2508 ab
684 2437 799 2533 hujus
818 2437 1010 2526 abscessu,
1026 2438 1086 2524 vel
1104 2441 1203 2510 aviae
1217 2462 1275 2536 per
1353 2461 1354 2466 ¹

284 2567 487 2652 prostatam
507 2557 781 2642 coarctatione,
811 2571 874 2628 aut
896 2553 1040 2626 influxu
1065 2557 1104 2624 in
1127 2558 1274 2630 vesicam
1354 2557 1355 2584 ³

283 2668 330 2746 ab
344 2695 489 2742 summa
501 2669 614 2766 hujus
627 2673 839 2769 capacitatis
853 2673 1134 2761 imminutione,
1148 2676 1275 2768 mogui-

283 2789 373 2860 tudo
394 2813 524 2863 renum
545 2804 581 2858 et
598 2789 806 2887 amplitudo
834 2804 1038 2876 ureterum,
1054 2790 1114 2860 vel
1144 2790 1274 2862 horum

282 2905 410 2977 saltem
422 2903 602 2994 dilatatio,
616 2921 658 2978 ut
670 2911 814 2976 mim'mi
824 2907 932 3004 digiti
943 2906 1168 2978 diametrum
1178 2931 1274 3006 sups-
1352 2939 1353 2942 ¹

175 3103 178 3112 .
280 3039 428 3109 rorent,
459 3022 517 3094 vel
547 3021 657 3119 digiti
672 3025 827 3119 majoris
857 3038 1067 3120 aequarent,
1094 3025 1133 3096 in
1153 3026 1275 3098 oculos

208 3123 211 3132 ⁴
278 3142 542 3226 incurrerunt3
562 3165 646 3212 cum
664 3143 779 3240 igitur
794 3141 872 3214 hacc
892 3144 1002 3212 etiam
1032 3143 1112 3214 sine
1130 3141 1273 3214 calculis

277 3259 568 3344 accidant3110n
594 3255 742 3329 fuerant
768 3281 855 3330 sane
885 3284 904 3328 a
932 3259 1165 3330 calculorum
1187 3260 1271 3330 dun-

237 3427 239 3430 -
276 3388 375 3444 taxat
407 3373 446 3441 in
474 3372 689 3446 ureteribus
718 3399 824 3446 mora
850 3401 932 3472 quae
953 3374 1189 3448 descensurae
1217 3372 1271 3446 ob·

1353 3539 1355 3658 i

311 3691 356 3769 (r)
376 3694 421 3748 De
433 3710 512 3748 caus.
526 3703 555 3748 et
569 3693 644 3770 sign.
657 3705 736 3750 aeut.
749 3694 845 3750 morb.
861 3696 882 3749 l.
895 3712 929 3764 2,
945 3713 970 3750 c.
987 3712 1032 3750 rc.
1354 3661 1355 3736 i

325 3789 355 3867 a)
375 3794 432 3846 An.
451 3790 542 3862 1738,
556 3791 645 3847 hebd.
661 3793 714 3864 32,
731 3812 762 3848 n.
780 3811 805 3847 ι.

324 3889 355 3966 3)
374 3892 459 3946 Tom.
480 3908 509 3958 1,
528 3891 591 3946 obs.
609 3889 674 3958 164.

326 3985 353 4066 4)
374 3990 458 4044 Tum.
477 4007 502 4044 1.

310 3789 323 3866 (

310 3889 323 3968 t

311 3987 323 4066 (
