2746 4674
307 392 376 476 144
470 407 518 456 nr
543 401 690 454 sacrans
714 403 759 454 ar
783 403 908 456 causis
933 405 1143 456 moriemur

303 526 415 596 etiam
431 535 597 620 spectata
616 517 883 609 crassitudine,
904 520 1018 617 paulo
1038 545 1153 617 quam
1171 546 1316 598 conve-

301 643 418 728 niret,
435 640 546 710 latior
562 637 764 708 videretur.
788 638 954 708 Mesaraei
971 636 1157 736 glandulae
1177 643 1217 711 in
1240 639 1316 712 ho-

302 759 405 830 mine
422 756 462 827 id
480 755 595 826 aetatis
607 755 745 853 passim
762 753 1033 843 occurrebant,
1047 755 1253 854 multaeque
1266 760 1314 830 ad

300 873 394 948 faba
418 871 741 972 magnitudinem:
764 895 983 970 quanquam
1013 873 1090 944 sive
1115 886 1313 972 tangeres,

299 994 396 1079 sive,
413 991 589 1064 dissectas
609 989 741 1076 etiam,
766 989 993 1087 inspiceres,
1016 989 1154 1061 morbo
1177 1013 1312 1065 carere

297 1134 377 1180 non
395 1107 597 1179 dubitares.
617 1105 690 1178 Sed
707 1129 841 1176 renum
858 1105 1078 1204 magnitudo
1097 1130 1203 1204 quae,
1223 1133 1311 1180 cor-

297 1226 401 1324 poris
412 1225 680 1322 proportione,
698 1222 823 1292 minor
836 1238 934 1312 erat,
957 1223 1151 1322 magisque
1170 1249 1311 1297 eorum

297 1329 514 1440 superficies
532 1341 724 1412 evidenter
739 1339 787 1412 ab
807 1365 852 1411 eo
872 1341 977 1438 quod
999 1340 1126 1412 videre
1148 1365 1310 1416 cousue-

296 1461 440 1548 vimus‚
467 1455 712 1556 discrepabat.
734 1458 945 1529 Posteriore
964 1458 1065 1530 euim
1086 1455 1178 1530 facie
1199 1485 1310 1559 aeque

296 1593 403 1652 erant
431 1577 606 1664 convexi,
626 1591 741 1671 atque
766 1575 980 1662 anteriore3,
994 1590 1154 1673 utraque
1173 1582 1308 1650 'autem

295 1693 488 1792 inaequali,
505 1694 653 1766 sinister
670 1694 893 1789 praesertim,
912 1708 950 1765 et
970 1693 1239 1791 quadantenus
1253 1703 1309 1766 tud

294 1813 439 1887 berosa.
456 1797 695 1882 Accedebant
711 1811 749 1878 in
766 1811 918 1881 sinistro
931 1809 1194 1909 depressiones
1202 1839 1306 1910 quae-

294 1929 380 2002 dam
401 1929 542 2026 quasia
562 1926 809 2005 cicatricibus.
838 1929 1180 2000 Ureterum·autom
1199 1928 1306 2002 orifi··

294 2049 455 2120 ciaintra
465 2046 623 2116 vesicam
631 2043 897 2141 spectabantur
905 2043 1302 2144 aliquantoampliora‚

293 2167 427 2263 etipsa
445 2163 566 2232 vesica
580 2162 682 2232 intus
700 2161 900 2250 subrubra,
921 2177 958 2234 ct
976 2159 1197 2260 sanguiferis
1220 2189 1302 2264 ras-

292 2283 386 2356 culis
407 2280 542 2378 passim
558 2277 856 2352 discurrentibus
872 2281 923 2350 ita
937 2278 1130 2371 distincta,
1149 2295 1192 2352 ut
1213 2283 1246 2356 si
1264 2285 1301 2352 in

290 2423 334 2471 ea
348 2397 552 2469 coloratam
567 2420 691 2466 ceram
719 2397 956 2483 immisisses;
975 2397 1139 2470 exterius
1171 2413 1306 2472 autem·
1363 2415 1364 2425 ’

275 2509 626 2586 ¹rubicundioribus
644 2537 759 2610 quam
771 2513 906 2604 soleat,
919 2513 1033 2587 fibris
1051 2517 1251 2589 instructa.
1362 2519 1363 2529 ’

293 2719 302 2738 ι
342 2637 399 2719 ab.
416 2631 574 2704 Anicula
590 2632 729 2703 rustica
739 2657 754 2718 ,J
770 2655 904 2730 parva,
926 2647 963 2702 et
986 2634 1296 2729 praetermodum

289 2752 471 2849 strigosa,
488 2749 588 2820 intra
601 2749 760 2820 biduum
776 2774 820 2820 ex
833 2763 1027 2829 senectute
1043 2751 1141 2847 ipsa,
1161 2767 1207 2822 ut
1226 2753 1296 2824 aie·

286 2867 396 2956 bant,
405 2881 553 2939 mortua
565 2866 760 2963 ,spirandi
772 2880 899 2938 tamen
913 2863 1154 2958 difficultate,
1167 2894 1295 2966 quam·

286 2987 342 3058 vis
359 2988 439 3056 sine
456 2985 547 3056 tussi
566 2999 604 3054 ct
618 2999 818 3080 sputorum
845 2983 1170 3082 expectoratione,
1188 2986 1292 3059 labo·
1357 3009 1358 3018 ¹

102 3199 106 3208 Ι
142 3193 144 3219 Ι
184 3146 185 3152 1
285 3117 454 3174 caverat:
482 3099 588 3198 quod
613 3099 776 3190 adnoto,
803 3117 846 3174 ut
873 3101 966 3174 scias
995 3102 1217 3199 non‘plura
1247 3103 1291 3174 dc

287 3221 366 3316 ejus
389 3219 535 3290 morbis
561 3215 787 3290 sciscitando
808 3220 986 3317 cognosci
1008 3223 1199 3317 potuisse:
1216 3245 1289 3292 non
1355 3225 1356 3251 ¹

285 3335 390 3436 quod
407 3337 478 3407 alia
501 3333 619 3408 ferme
642 3359 756 3432 quam
778 3336 921 3408 ventris
940 3337 1082 3408 viscera
1103 3339 1289 3410 examina·
1353 3411 1354 3457 ,

284 3455 415 3528 verim.
443 3455 521 3525 Etsi
548 3455 648 3526 enim
682 3452 795 3550 hujus
822 3477 976 3550 quoque
1005 3453 1183 3542 cadaver,
1204 3479 1287 3528 cum

283 3589 486 3645 anatomen
504 3571 704 3660 docerem,
722 3595 822 3641 anno
849 3576 957 3668 1740,
974 3573 1013 3640 iu
1028 3571 1221 3646 theatrum
1246 3597 1286 3646 ex

249 3700 251 3706 ’
282 3690 377 3763 urbe
405 3691 651 3788 importatum
678 3703 752 3779 est3
779 3703 905 3761 tamen
931 3688 999 3759 ubi
1025 3687 1072 3761 ad
1092 3688 1283 3762 thoracem
1350 3689 1351 3767 i

281 3810 456 3908 perveni,
475 3806 642 3878 melioris
653 3821 717 3878 aut
731 3809 997 3904 certemajoris
1013 3809 1184 3907 corporis
1193 3807 1283 3882 facta
1347 3781 1350 3880 i

282 3928 392 4024 copia
411 3918 561 4014 iberat,
585 3925 624 3993 in
654 3949 731 4020 quo
757 3923 978 3998 dissecando
999 3926 1179 4026 occupari
1198 3913 1281 4026 pre·
