2790 4668
286 452 354 541 472
449 468 494 514 nr
521 465 666 514 sautans
693 467 735 512 ar
761 465 884 514 causts
910 465 1120 513 uoaaoauu

193 582 197 588 '
285 579 492 678 prehensos
514 579 713 676 descripsi,
732 579 915 676 nequetin
939 579 1096 677 epistola
1120 579 1190 650 hac
1210 594 1279 650 tan·

285 715 385 784 tum,
410 697 473 768 sed
489 699 528 766 in
547 697 628 768 aliis
648 699 776 784 etiam,
805 711 841 768 et
866 697 1090 768 nominatim
1117 698 1157 767 in
1180 697 1278 767 molis

285 819 377 888 toris
399 815 564 912 quodam
592 812 730 884 famulo
756 813 831 908 (ι),
856 815 920 910 qui
941 813 1031 886 dum
1052 814 1280 913 ‘gonorrhoea

285 947 499 1019 teneretur„
517 932 716 1017 interiens,
746 955 882 1016 noxam
907 933 946 1002 in
975 932 1158 1031 pendula,
1174 957 1279 1030 quam

286 1051 468 1122 dissecare
481 1074 560 1118 non
573 1049 699 1136 licuit,
716 1048 879 1120 urethrae
896 1065 999 1148 parte
1019 1042 1283 1138 habueritne-

287 1182 480 1260 cesseest‚
504 1165 657 1264 quando
685 1168 723 1236 in
749 1191 894 1236 summa
919 1166 988 1236 hac
1008 1191 1087 1236 non
1119 1191 1228 1239 secus
1247 1192 1282 1237 ac

290 1299 344 1354 tot
364 1283 449 1372 alii,
481 1281 667 1380 nusquam
695 1281 867 1354 habebat.
904 1283 1013 1354 Unde
1038 1307 1128 1381 ergo
1153 1282 1283 1355 factum

287 1417 363 1488 ast,
382 1401 530 1498 inquis,
561 1415 603 1470 ut
621 1401 659 1470 in
678 1415 843 1499 prostata
868 1398 1061 1498 glandula,
1088 1415 1125 1472 et
1157 1426 1284 1472 carun·

289 1518 371 1589 cula
396 1521 475 1616 ipsa
506 1517 676 1588 seminali
705 1518 836 1588 vitium
862 1541 959 1604 esse,
991 1519 1189 1588 communi
1209 1541 1285 1615 qua-

289 1635 374 1730 dam
397 1635 581 1706 sententia
595 1633 812 1705 traderent?
839 1636 1025 1705 Nimirum
1050 1637 1138 1732 quia
1161 1650 1206 1706 ut
1225 1635 1287 1704 hu·

290 1779 432 1826 morem
454 1754 492 1822 in
510 1751 737 1850 gonorrhoea
759 1751 998 1824 distillantem
1014 1785 1023 1839 3
1041 1754 1071 1824 si
1092 1769 1191 1825 esset
1206 1751 1287 1852 legi·

289 1874 398 1960 tima,
416 1897 542 1942 semen
568 1895 751 1962 essenon
778 1868 978 1960 iniectum,
1007 1873 1074 1959 ita,
1096 1873 1126 1942 si
1146 1873 1286 1969 spuria,

290 2014 454 2062 venereo
481 1989 672 2059 miasmate
693 1989 1012 2074 contaminatum,
1044 2014 1122 2059 non
1146 1988 1288 2059 dubita*

290 2107 382 2178 bant
399 2130 444 2177 eo
464 2122 645 2202 tempore.
656 2109 786 2178 Postea
802 2130 891 2195 vero
911 2120 1109 2204 coeperunt
1127 2097 1287 2175 medico·

292 2250 377 2294 rum
398 2225 514 2319 aliqui
533 2224 727 2320 suspicari,
755 2221 793 2292 id
814 2223 918 2320 quod
934 2223 973 2292 in
993 2223 1158 2321 legitima
1180 2219 1288 2293 effluit

294 2340 545 2440 gonorrhoea,
585 2367 663 2410 non
702 2366 849 2438 semper
885 2334 963 2411 esse
995 2342 1117 2437 ipsum
1147 2365 1288 2421 semen,

294 2459 435 2554 quippe
451 2482 536 2528 cum
558 2455 684 2555 plures
701 2455 872 2528 viderent
887 2482 965 2528 non
983 2458 1032 2527 ita
1047 2480 1288 2543 marcescere,

295 2590 331 2646 et
353 2577 542 2666 enervari,
572 2591 613 2645 ut
638 2575 747 2672 copia
769 2571 939 2646 humoris
965 2590 1156 2672 posceret,
1179 2593 1289 2644 annos

295 2693 397 2764 haud
416 2717 501 2763 raro
518 2718 678 2790 pergens
699 2691 887 2790 profluere
895 2744 908 2778 ,-,
931 2693 961 2763 si
988 2717 1115 2786 semen
1129 2707 1237 2764 esset.
1254 2694 1291 2759 Et

296 2836 382 2882 sane
402 2811 572 2882 videmus
591 2803 705 2908 qnam
725 2811 764 2880 in
781 2813 959 2898 maciem,
988 2823 1024 2880 et
1040 2805 1289 2880 infirmitatem

294 2929 429 2998 virium
443 2927 610 2998 incidant
627 2929 692 3025 qui
711 2929 823 2998 nimis
841 2927 954 2999 crebo
974 2951 1043 3026 per
1058 2917 1224 2997 ⁴venerea
1240 2925 1290 2994 in·

297 3045 517 3123 somniarad
553 3045 709 3142 longum
741 3061 888 3143 tempus
924 3069 1051 3118 semen
1084 3041 1288 3115 effundunt

295 3147 466 3254 Quorum
482 3185 559 3260 ,ego
586 3164 732 3259 aliquos
761 3165 850 3234 novi
872 3163 937 3258 qui
961 3161 1075 3234 nullis
1097 3160 1290 3260 proficien-

296 3279 396 3350 tibus
412 3279 572 3365 auxiliis,
591 3281 700 3350 veriti
719 3281 823 3350 nc'in
842 3278 1017 3350 lethalem
1033 3279 1187 3349 demum
1203 3293 1289 3348 atro*

297 3397 425 3494 phiam
451 3397 788 3495 praecipitarentum
817 3399 866 3466 ita
900 3421 1040 3494 penem
1060 3395 1131 3466 sibi
1161 3393 1287 3466 dormi·v

298 3515 412 3600 turis,
435 3508 559 3587 instita
578 3541 622 3585 ex
642 3514 746 3592 molli
756 3515 855 3585 aluta
866 3515 934 3586 sub
953 3516 1037 3612 ipso
1054 3515 1222 3612 margine
1234 3534 1290 3582 co-

298 3657 400 3704 ronae
421 3632 566 3729 glandis
587 3632 846 3730 circumligare
873 3657 952 3702 non
977 3631 1178 3704 infeliciter
1196 3628 1290 3700 insta·

406 3831 411 3838 ¹
538 3826 542 3846 ι
1273 3829 1285 3846 ν.

412 3888 414 3891 .
1033 3871 1039 3882 1

339 4003 382 4083 (1)
404 3991 498 4080 Epist.
516 4011 554 4094 ,²4
566 4045 574 4076 ‚
590 4025 620 4060 n.
640 4005 686 4062 18.
