2746 4674
297 401 364 475 190
455 402 502 448 DE
528 400 674 449 SEDlBUS
699 401 744 447 ET
767 399 893 448 CAUSlS
919 402 1129 454 MORBORUH

289 514 448 588 fuerant.
469 516 539 588 Sed
554 531 633 586 turn
650 539 731 612 quae
744 515 936 588 emolliant
953 517 1108 614 injicere
1122 523 1298 611 satisest,

287 615 492 732 prasertim
522 633 680 730 siquod
709 633 919 730 periculum
946 634 1067 708 subsit
1087 639 1217 710 vesicae
1241 643 1297 710 in·

288 751 562 838 simulationis,
572 765 636 821 aut
646 751 809 848 suspicio
823 749 1046 824 convulsivae
1054 755 1136 848 ejus
1146 756 1296 854 sphinc·

288 871 377 941 teris
392 867 679 939 constrictionis.
700 870 873 958 Quorum
891 883 1067 940 neutrum
1092 874 1180 944 satis
1199 875 1297 948 milri

289 985 481 1058 attendere
498 986 599 1056 visus
619 999 673 1056 est
693 986 820 1056 senior
834 985 1184 1086 medicusquimihi
1200 991 1296 1066 duas

287 1121 408 1178 tresve
422 1099 546 1173 felices
555 1101 769 1174 curationes
779 1101 954 1175 narrabat
966 1129 1068 1195 suas3
1084 1105 1180 1180 datis
1191 1111 1294 1180 enim

289 1247 372 1320 quae
392 1220 516 1291 alvum
533 1219 795 1291 vehementius
825 1221 990 1310 cierent,
1010 1223 1109 1296 hauc
1126 1221 1239 1297 simul
1258 1243 1294 1299 et

288 1361 525 1438 suppressam
542 1338 688 1408 urinam
707 1329 878 1409 movisse.
891 1340 949 1409 Sic
964 1340 1065 1412 eninr
1076 1341 1222 1432 aiebat,
1241 1361 1293 1415 ta·

288 1459 397 1530 metsi
412 1455 509 1526 hanc
526 1479 605 1524 non
619 1456 839 1544 movissem,
859 1471 896 1527 at
909 1457 1039 1529 saltem
1050 1461 1293 1559 quantoplus

288 1575 460 1646 humoris
475 1597 519 1643 ex
533 1571 616 1642 alvo
636 1571 845 1643 eluxissent
859 1628 868 1662 ,
888 1588 992 1645 tanto
1009 1577 1135 1648 minus
1154 1601 1227 1674 per
1238 1603 1291 1650 re·

286 1719 355 1766 nes
372 1690 587 1763 defluxisset
604 1689 652 1761 ad
670 1690 830 1760 vesicam
859 1693 977 1788 magis
1004 1695 1197 1790 magisque
1214 1695 1291 1766 dis-

287 1809 515 1883 tendendam
532 1835 539 1876 :
556 1808 661 1908 movi
675 1821 802 1878 autem
819 1833 906 1879 eum
926 1811 1035 1881 simul
1050 1809 1117 1910 qui
1130 1813 1292 1886 vesicam

284 1931 360 2028 jam
383 1924 635 2011 distendebat,
654 1949 740 1994 cum
760 1941 905 1996 rectum
930 1929 1150 2000 intestinum
1173 1930 1290 2002 laces-
1364 1973 1365 2026 3

289 2045 422 2131 sendo,
443 2068 521 2113 non
540 2043 648 2138 potui
665 2043 842 2142 prorimae
860 2045 989 2119 vesicae
1008 2043 1122 2118 fibras
1142 2071 1226 2131 non
1245 2049 1291 2119 si-
1364 2049 1365 2142 ᾗ

288 2163 368 2263 mul
385 2161 432 2232 ad
455 2161 753 2232 contractionem
774 2161 982 2249 stimulare,
1011 2164 1132 2261 iisque
1153 2189 1291 2264 magua

289 2295 453 2384 exparte
470 2279 640 2349 amissam
658 2279 733 2347 vim
753 2277 922 2382 reddere.
944 2279 1090 2352 Scilicet
1110 2303 1189 2352 non
1206 2283 1290 2354 satis

288 2395 607 2472 animadvertebat
623 2397 767 2467 nullam
781 2421 861 2468 esse
878 2399 1016 2470 arctius
1033 2424 1121 2470 cum
1139 2402 1218 2476 imo
1237 2402 1290 2471 in·

286 2516 424 2589 testino
438 2529 541 2586 recto
555 2515 796 2611 conjunctam
806 2515 936 2587 vesicae
950 2532 1095 2614 partem
1109 2541 1224 2614 quam
1240 2519 1291 2588 in·

285 2631 434 2717 limam,
459 2657 525 2703 seu
555 2634 671 2703 mavis
701 2632 863 2704 urethrae
895 2633 1063 2722 initium,
1092 2659 1164 2706 nec
1198 2633 1289 2733 quid

284 2763 486 2850 propterea
505 2765 774 2846 consequatur,
802 2750 833 2821 si
862 2766 942 2822 tum
973 2750 1069 2822 forte
1099 2776 1186 2850 pars
1211 2753 1289 2824 haec

285 2869 394 2940 initio
409 2868 536 2965 aliquo
551 2868 627 2964 jam
647 2878 821 2938 teneatur
832 2883 896 2939 aut
908 2868 1216 2942 inflammationis
1229 2883 1289 2941 aut

286 2987 551 3058 convulsionis.
570 2986 754 3082 Equidem
767 2984 909 3058 inficias
928 2969 1006 3058 non
1019 3011 1083 3076 eo,
1096 2988 1286 3060 interdum

230 3191 234 3199 ’
285 3103 505 3201 aparalysi3
526 3102 614 3173 alias
634 3102 681 3174 ab
698 3105 778 3201 ipsa
805 3104 1031 3176 distentione
1062 3107 1225 3180 vesicam
1252 3129 1286 3178 se
1363 3135 1364 3194 3

238 3311 240 3314 Ι
285 3219 534 3294 contrahendi
552 3221 627 3289 vim
647 3221 829 3292 amittere.
848 3221 919 3291 Sed
942 3222 1015 3292 lroc
1031 3224 1091 3293 aio
1113 3226 1233 3296 urinae
1250 3227 1286 3294 in
1363 3201 1364 3220 .

281 3339 405 3410 vesica
425 3338 699 3436 suppressionis
716 3362 842 3410 causas
865 3339 1023 3411 solerter
1050 3365 1127 3411 esse
1157 3341 1285 3412 distin·

284 3454 474 3553 guendaS,
497 3480 566 3526 nec
588 3480 736 3553 semper
753 3453 859 3526 facile
879 3456 972 3527 adeo
994 3458 1149 3546 accito,
1174 3474 1218 3529 ut
1243 3482 1284 3530 ex

283 3571 495 3646 Maucharti
513 3574 686 3672 exemplo
708 3595 820 3673 supra
832 3573 885 3672 (1)
904 3574 1144 3673 collegimus,
1163 3576 1284 3648 subla-

239 4004 243 4014 ·
323 3947 364 4031 (1)
385 3953 422 4006 N·
446 3970 474 4026 9-
