2746 4674
158 402 224 447 um
252 399 307 446 m.
336 399 382 445 ur
409 395 547 446 monam
570 395 740 456 vaurms,
764 395 875 444 arisr.
903 397 973 443 xm.
1023 372 1090 470 175

92 512 210 610 liquus
230 538 359 584 earum
386 527 527 583 tractus
553 525 658 582 tanto
679 511 795 606 magis
812 513 858 581 sit
875 527 1088 583 remorante

90 629 245 701 humore
277 630 649 725 distentus,quanto
677 628 792 725 magis
823 628 971 699 occlusa
1002 644 1090 699 sunt

91 748 177 818 ostia
195 772 277 845 quae
291 748 485 830 emittunt,
506 746 807 842 praesertimcnm
827 746 902 814 vias
919 745 999 815 illas
1010 771 1088 815 non

90 889 162 936 esse
188 865 282 936 adeo
310 863 444 950 exiles,
471 879 507 932 et
528 859 649 932 officia
670 887 753 958 quae
778 862 822 933 iis
847 862 1087 950 adscribunt,

91 985 295 1078 requirant,
325 997 362 1052 et
390 981 461 1078 ipsi
493 975 593 1065 ultro
618 978 841 1068 fateantur:
870 1005 1088 1077 quanquam

94 1096 218 1170 frustra
234 1099 338 1170 hunc
357 1113 393 1168 te
414 1097 582 1169 laborem
603 1111 841 1194 sumpturum
872 1097 966 1168 illud
991 1099 1089 1168 indi·

97 1232 167 1300 cat,
195 1216 299 1314 quod
320 1241 517 1313 nunquam
545 1217 583 1285 in
604 1215 816 1286 istiusmodi
844 1215 992 1287 casibus
1019 1219 1090 1286 oui-

95 1359 197 1432 quam
210 1334 291 1406 illas
302 1336 518 1431 apparuisse
532 1333 692 1431 legimus
702 1386 717 1431 ‚n
729 1357 814 1403 cum
827 1333 988 1430 plurima
1001 1334 1089 1404 alio·

96 1453 180 1548 quin
197 1449 352 1523 fuissent
378 1451 670 1548 aegrisingesta,
690 1475 772 1546 quoe
792 1451 890 1547 ipsas
918 1466 980 1520 aut
999 1453 1088 1524 alias

96 1594 180 1666 quas
195 1569 254 1639 alii
273 1567 480 1664 conjiciunt
495 1565 541 1636 ad
561 1567 718 1637 vesicam
739 1566 956 1654 tendentes,
977 1572 1087 1640 maxi·

96 1711 149 1757 me
161 1685 369 1758 distendere
385 1684 624 1769 debuissent,
642 1699 881 1781 prosectores
892 1700 1016 1756 autom
1033 1687 1087 1757 di·

97 1803 263 1902 ligentes,
282 1820 318 1874 et
336 1802 441 1873 valde
457 1803 647 1873 exercitati
669 1785 905 1873 mortuorum
926 1827 1086 1902 corpora

99 1938 354 1994 scrutarentur.
396 1921 615 1990 Franciscus
648 1906 748 1990 enim
785 1920 1013 2010 Plazzonus,
1045 1939 1087 1993 ut

98 2039 257 2138 exemplo
274 2054 357 2110 utar
376 2038 457 2133 ejus
476 2036 639 2109 historiae
652 2061 763 2134 quam
782 2040 820 2107 in
835 2039 1000 2110 sectione
1016 2038 1087 2111 hac

97 2156 320 2254 Sepulchreti
340 2171 397 2226 ter
413 2156 609 2253 repetitam
629 2153 741 2226 luisse
766 2155 913 2227 ostendi
929 2156 1005 2252 (ι),
1023 2173 1088 2228 aut

98 2275 203 2346 secuit
224 2289 288 2345 aut
305 2269 530 2345 dissectione
548 2270 694 2371 praefuit
718 2274 799 2368 ejus
827 2273 1004 2344 monachi
1026 2277 1086 2346 cui

97 2395 185 2466 inter
203 2412 332 2469 caetera
357 2393 539 2466 ‹liuretica
565 2396 651 2491 ipsae
673 2419 829 2492 quoque
851 2395 1087 2470 cantharides

100 2509 178 2582 datae
207 2509 377 2598 fuerant,
406 2535 489 2607 quae
516 2513 698 2597 vesicam,
723 2513 893 2609 quamvis
914 2514 1085 2593 inanem.

47 2715 49 2722 y
99 2629 408 2712 dulcoraverunt,
431 2645 472 2699 ut
497 2627 586 2699 illuc
614 2631 828 2726 pervenisse
855 2655 983 2700 carum
1011 2634 1084 2702 vim

98 2768 155 2842 per
179 2743 388 2842 sanguifera
405 2743 570 2830 vascula,
591 2767 668 2814 non
683 2769 752 2842 per
766 2747 915 2842 ignotos
930 2749 1088 2844 peculia·

98 2865 325 2935 restramitcs
347 2862 628 2959 intelligamus,·
646 2863 710 2957 qui
738 2886 823 2932 cum
851 2888 892 2932 ea
915 2867 951 2932 vi
975 2865 1085 2936 simul
1116 2869 1122 2890 ¹

99 2979 283 3052 diareticas
304 2982 476 3077 potiones
491 2978 782 3049 transmisissent
799 2979 874 3049 sive
894 2979 933 3050 in
951 3005 1083 3052 renum

98 3099 208 3194 pelves
233 3091 296 3168 aul
322 3112 509 3172 ureteres.
538 3095 614 3166 sive
647 3110 746 3166 recta
768 3119 788 3166 a
809 3095 1018 3169 ventriculo
1046 3102 1084 3170 in

97 3217 253 3287 vesicam.
285 3219 368 3284 Haec
389 3217 489 3284 enim
517 3212 631 3282 altera
652 3214 781 3310 opinio
809 3199 948 3311 placuit
966 3215 1085 3314 pluri-

96 3329 172 3422 hus,
188 3359 236 3404 an
266 3347 425 3430 propter
449 3331 510 3400 illa
536 3331 772 3428 Hippocratis
795 3333 868 3428 (a),
897 3351 960 3406 aut
985 3352 1085 3408 certe

96 3450 324 3523 vetustissimi
344 3450 507 3520 auctoris
527 3445 660 3534 verba,
677 3453 710 3518 si
726 3448 901 3518 habuerit
912 3477 1012 3550 puer
1022 3479 1085 3525 ve·

97 3593 155 3641 aas
172 3569 218 3640 de
236 3565 446 3641 ventriculo
468 3564 522 3636 ad
537 3571 701 3637 vesicam
728 3563 917 3638 tendentes
931 3571 1093 3668 amplas

132 3851 172 3930 (1)
192 3855 306 3928 Supra,
322 3871 352 3906 n.
370 3870 395 3904 1.

134 3950 174 4028 (a)
193 3954 236 4010 De
252 3951 364 4008 morbis
374 3987 387 4020 ,-
398 3950 418 4003 l.
434 3955 466 4019 4,
480 3966 509 4002 n.
525 3946 571 4002 28.
