2740 4670
155 431 226 480 nra.
255 430 310 480 ur.
340 433 387 484 na
413 431 548 480 nonnis
567 429 737 496 vaurms,
763 434 874 482 amsa.
903 432 990 482 rain
1020 411 1085 500 341

83 561 164 616 tum
186 543 307 616 fuerat
323 547 348 637 S
364 573 406 632 a,
424 561 461 616 ct
476 545 580 642 quod
600 547 625 640 S
649 571 691 616 ro
702 545 974 620 observationis
989 547 1090 645 vulf,

85 677 281 762 ponantur
302 665 436 734 iterum
457 664 482 754 §
501 689 542 760 ¹9
564 678 600 734 et
619 665 644 755 S
669 689 709 762 17
731 661 900 759 ejusdem
917 663 1093 736 observa·

83 781 207 852 tionis.
226 779 299 850 Sed
316 793 353 851 et
369 781 407 849 in
424 803 500 851 una
517 805 561 850 ex
578 779 808 852 sectionibus
827 782 905 852 istis
921 779 1092 854 brevissi·

84 899 178 983 mis,
197 896 238 966 id
256 911 310 968 est
321 899 459 968 XXVII
469 951 479 981 ‚
491 919 585 971 num
600 896 637 968 id
655 892 760 994 quod
774 897 970 991 traditur§
983 898 1005 970 3
1022 898 1093 970 ob-

85 1014 308 1086 servationis
319 1017 336 1084 Ι
349 1067 359 1102 ,
380 1013 480 1084 idem
502 1014 548 1085 sit
560 1013 666 1111 quod
686 1016 711 1106 §
724 1040 748 1112 9
762 1013 1034 1087 observationis
1047 1021 1094 1104 II,

10 1185 13 1195 .
84 1147 119 1202 et
133 1133 174 1200 in
188 1130 259 1201 hac
276 1132 356 1228 ipsa
370 1134 405 1200 II
419 1157 427 1218 ;
443 1155 537 1202 num
558 1129 661 1228 quod
678 1133 740 1224 §l
760 1131 860 1203 idem
882 1134 928 1204 sit
947 1133 1051 1231 quod
1069 1136 1106 1226 ς’

84 1246 338 1343 ejusdem113
362 1249 391 1319 si
420 1245 515 1318 forte
542 1247 715 1337 dubitas,
746 1247 923 1320 historias
949 1250 1095 1347 inspice

84 1363 204 1436 fusius
230 1364 364 1436 relatas
386 1368 551 1436 sectione
574 1369 693 1439 XXIV
713 1363 858 1438 observ.
875 1369 929 1455 X,
946 1369 971 1458 §
991 1367 1032 1455 8,
1058 1377 1107 1439 et'

83 1483 235 1580 observ.
259 1486 315 1570 11,
340 1483 428 1575 §43
450 1482 588 1579 quibus
615 1482 808 1581 perlectis,
846 1484 999 1556 omnem
1026 1483 1096 1556 tibi

83 1599 364 1672 dubitationem
381 1602 530 1672 eximes
560 1601 757 1697 Denique,
786 1625 835 1671 ne
860 1589 1037 1700 pluribus
1056 1617 1093 1673 te

83 1741 232 1804 morer,
246 1718 275 1788 si
287 1718 491 1788 sectionem
503 1739 628 1788 verses
636 1721 801 1805 XXVIII,
813 1741 892 1788 non
905 1717 985 1788 sine
996 1741 1095 1816 mag·

83 1859 132 1905 na
153 1833 404 1905 admiratione
426 1833 484 1906 bis
505 1835 674 1905 invenies
696 1833 770 1904 una
796 1834 1007 1932 eademque
1027 1859 1094 1933 pa-

83 1955 171 2050 gina
191 1954 312 2050 repeti
328 1950 484 2024 inferius
499 1977 582 2050 quae
597 1951 711 2051 paulo
729 1972 841 2054 supm
858 1953 979 2050 posita
989 1969 1093 2044 sunt,

84 2071 254 2168 primum
279 2069 453 2141 videlicet
477 2071 674 2140 maximam
696 2070 925 2141 scholiorum
948 2084 1094 2168 partem

83 2187 130 2258 ad
147 2186 296 2258 observ.
317 2191 368 2257 VI
393 2201 430 2258 et
452 2190 538 2274 VII;
558 2169 695 2258 deinde
712 2212 803 2259 vero
819 2187 1002 2261 observat.
1024 2191 1095 2258 XII

84 2304 282 2402 historiam
304 2303 434 2375 illustr.
453 2309 638 2393 Ducissoe,
649 2307 705 2397 §a
720 2319 756 2376 et
773 2307 843 2397 §h

133 2428 193 2512 44.
220 2424 276 2493 Ne
298 2438 423 2493 tamen
445 2421 628 2518 asymboli
638 2421 693 2492 ab¹
705 2421 764 2493 his
780 2421 1007 2494 sectionibus
1020 2421 1094 2496 dis·
1125 2515 1128 2526 Ι

82 2540 221 2612 cedere
241 2537 459 2628 videamur,
479 2539 526 2610 ad
540 2541 647 2613 istam
663 2541 852 2629 ultimam,
869 2564 950 2638 quae
961 2540 1007 2611 de
1020 2543 1094 2611 uri·

84 2659 145 2730 nis
162 2673 219 2729 est
237 2683 316 2728 non
334 2657 585 2740 naturalibus,
606 2681 724 2755 pauca
737 2657 1013 2744 adnotabimus
1024 2683 1094 2729 nec

86 2776 210 2847 multo
235 2776 343 2873 plura
369 2776 415 2846 ad
435 2776 679 2874 penultimam
701 2799 815 2872 quam
837 2799 915 2847 csse
936 2774 1097 2846 diximus

87 2894 134 2966 de
150 2895 269 2964 urinae
282 2896 495 2966 excretione
507 2918 576 2991 per
586 2894 645 2964 loc
723 2877 972 2962 ¹'ndcce'ntem
989 2894 1097 2962 Utra-

79 3025 183 3110 que,
211 3013 279 3082 etsi
296 3014 552 3108 ‚conjunctam
578 2914 882 3085 usatberun
907 3008 1098 3082 cadaveris

88 3130 386 3228 inspectionem,
404 3155 483 3200 non
509 3125 634 3200 tanien
659 3128 764 3199 omni
792 3125 975 3199 carebunt
994 3125 1098 3197 utili-

89 3261 177 3320 tate.
199 3246 406 3318 incidimus
420 3245 623 3344 aliquando
640 3247 680 3317 in
695 3227 824 3334 urinas
834 3267 916 3341 quae
926 3242 1098 3340 chylum,

93 3381 128 3437 et
144 3363 351 3462 aliquando
376 3367 418 3435 in
443 3364 531 3436 alias
553 3388 636 3461 quae
651 3363 869 3459 sanguinem
896 3360 1099 3432 admistum

92 3481 233 3554 habere
262 3482 502 3574 viderentur3
530 3497 572 3553 ut
599 3479 833 3552 medicorum
857 3477 920 3550 alii
948 3479 1099 3549 remita

93 3623 269 3697 prorsus,
287 3615 329 3671 ut
348 3598 573 3698 apparebat,
594 3598 655 3670 alii
671 3621 761 3668 vere
775 3597 888 3693 longe
911 3595 1018 3666 aliter
1038 3617 1100 3666 ac·

95 3716 305 3814 cipiendam
327 3741 407 3790 esse
432 3715 717 3788 contenderent.
747 3714 1009 3786 Controversia
1035 3712 1099 3784 illa
1207 3791 1209 3800 Ι

98 3835 240 3930 prima,
255 3835 285 3904 si
301 3859 470 3932 unquam
489 3833 597 3921 alibi,
615 3849 706 3904 tunc
718 3829 889 3929 profecto
904 3830 965 3902 hic
984 3831 1114 3900 maxi-'

96 3965 259 4024 meante
278 3951 348 4025 hos
367 3951 613 4051 quadraginta
628 3973 748 4026 annos
768 3951 903 4048 agitata
921 3964 996 4036 est,
1014 3970 1100 4018 cum
