2790 4668
926 337 942 372 a

145 467 209 514 mn.
237 467 291 514 111.
320 465 860 526 arnona1svnnrn1s‚nr1sr.
888 465 984 513 xmv.
1012 439 1088 531 453

92 581 207 678 magni
229 581 360 675 inquo
380 593 458 650 erat
476 571 647 674 eorporis
665 577 791 676 habita
807 579 972 668 ratione,
991 580 1087 651 mihi

92 697 201 768 visum
229 711 303 784 est,
321 695 417 766 nihil
436 696 629 801 polypum,
648 710 689 766 ut
709 720 833 794 neque
851 696 958 786 alibi,
978 721 1086 798 cons·

91 827 232 910 pectum
246 811 394 898 est,sed
414 814 522 910 niger
535 813 794 910 sanguis,non
806 813 947 885 multus
958 868 966 900 ,
977 814 1086 912 isque

93 955 156 1002 nec
176 929 313 1002 fluidu's
331 931 466 1018 nimis,
484 954 608 1028 neque
637 947 846 1002 concretus.
873 934 1008 1029 Magna
1027 956 1088 1003 ar-

90 1051 182 1121 teria‘
203 1074 223 1120 a
242 1048 400 1122 valvulis
418 1049 489 1147 ipsi
510 1045 686 1146 praefiriis,
709 1075 811 1145 quae²
829 1065 870 1120 ut
887 1048 1011 1146 cordis
1028 1074 1088 1121 re·

90 1167 211 1263 liquae,
233 1168 330 1238 sabae
352 1183 481 1254 erant,
495 1165 572 1238 fere
588 1165 635 1237 ad
656 1159 845 1238 coelia'cam
863 1184 983 1265 usqne
997 1167 1086 1238 vitia

90 1283 214 1356 habuit
243 1285 377 1383 plura,
403 1307 521 1381 eaque
551 1281 859 1356 manifestissima.
882 1287 990 1355 Nam'
1007 1309 1087 1356 ma-

90 1387 174 1474 culis
187 1400 436 1504 quibusdam,
461 1403 632 1498 quamvis
650 1427 720 1473 nec
748 1399 1004 1488 creberrimis,
1021 1427 1086 1474 ne·
1179 1433 1182 1442 ’

90 1542 156 1616 que
173 1519 299 1591 adhuc
316 1521 355 1590 in
383 1543 526 1592 osseam
543 1519 718 1590 duritiem
740 1517 1002 1614 vergentibus,
1022 1517 1086 1588 hic

89 1635 156 1707 illic
173 1637 277 1708 intus
295 1635 455 1708 albebat.
472 1641 579 1726 Intus
596 1661 770 1734 quoqne,
797 1636 827 1706 si
851 1635 1084 1706 macularum
1130 1709 1132 1720 Ι

88 1753 162 1826 loca
180 1755 360 1852 excipias,
389 1779 575 1852 nusquam
597 1750 674 1824 fere
700 1752 841 1838 albam,
863 1751 928 1824 sed
950 1776 995 1822 ex
1022 1776 1087 1821 ru·

89 1869 152 1942 bro
171 1870 313 1944 fuscam
335 1869 572 1970 superficiem
595 1871 780 1958 habebat,
808 1894 933 1968 neque
955 1869 1084 1940 laevem

90 2004 121 2060 et
136 1989 312 2076 nitidam,
336 2004 377 2061 nt
408 1989 522 2077 solet,
550 1989 615 2060 sed
642 1990 766 2087 parvis
796 1985 1021 2086 quibusdam
1049 2000 1088 2058 et

90 2103 290 2178 humilibus
315 2107 576 2178 excrescentiis
598 2105 838 2204 inaequalem,
862 2105 942 2208 ejus
969 2093 1086 2202 quem

79 2222 175 2312 dixi,
192 2225 295 2296 intus
313 2238 490 2321 extraque
505 2225 659 2311 coloris,
678 2225 786 2296 variae
803 2239 927 2295 autem
937 2220 1086 2309 formae,

65 2333 68 2340 ’
91 2353 123 2410 et
140 2341 408 2440 magnitudinis
437 2325 491 2413 sic
508 2357 634 2413 tamen
659 2357 700 2413 ut
724 2343 902 2412 maximas
932 2329 1089 2438 lupino,
1197 2421 1199 2426 ¹

91 2458 133 2530 ad
152 2461 260 2555 cujus
278 2457 438 2557 figuram
454 2459 701 2542 accedebant,
720 2459 869 2556 operire
889 2447 1084 2554 potuisses
1131 2505 1134 2510 -

90 2560 152 2648 Eas
179 2560 268 2648 cum
285 2577 484 2675 aspiceres,
510 2575 643 2648 molles
675 2576 872 2662 crederes,
902 2574 966 2646 sed
999 2571 1090 2646 cum

91 2679 291 2782 incideres,
321 2695 544 2781 nonminus
563 2692 695 2780 duras,
721 2717 833 2788 quam
862 2692 1004 2762 arteriae
1023 2713 1090 2787 pa·

92 2811 212 2898 rietes,
241 2809 556 2908 deprehenderes.
591 2809 635 2881 Id
658 2810 739 2880 vitii
767 2833 846 2908 ¹quo
882 2807 1038 2906 propius
1064 2831 1084 2876 a

94 2927 200 3000 corde
218 2933 354 3000 arteria
373 2929 520 3016 aberat,
559 2953 604 3000 eo
628 2941 707 2998 erat
731 2927 877 3022 -majus3
898 2949 1021 3021 neque
1050 2925 1091 2992 in-

95 3045 274 3118 carotides
287 3063 413 3142 tamen
427 3070 553 3144 neque
566 3047 605 3116 in
630 3043 843 3116 subclavias
861 3066 899 3114 se
915 3039 1092 3112 extende-

94 3159 170 3250 bat,
193 3173 319 3261 neque
356 3161 453 3234 infra
468 3163 698 3234 eoeliacam:
725 3160 796 3232 sub
831 3183 907 3256 qua
934 3153 999 3228 vel¹
1018 3159 1094 3255 pri·

96 3303 194 3350 mum
226 3279 323 3352 illud
341 3279 511 3352 albarum
546 3279 777 3350 macularum
806 3277 941 3380 vitium
972 3275 1091 3345 multo

95 3396 215 3470 minus
234 3421 276 3468 ac
298 3399 424 3470 minus
445 3389 569 3468 fiebat.
596 3401 732 3468 Praeter
761 3395 859 3481 haec,
885 3417 1017 3462 omues
1035 3417 1094 3462 ar-

96 3515 191 3584 teriae
210 3539 353 3612 magnae
379 3515 538 3612 parietes
560 3529 666 3584 erant
684 3535 793 3608 aequo
816 3510 998 3581 duriores.
1020 3512 1095 3581 De-

96 3629 208 3726 nique
221 3634 325 3702 sinus
339 3630 517 3702 Valsalvae
530 3644 686 3728 quartus
698 3652 777 3698 non
793 3624 1093 3722 multoquidem,

23 3755 24 3758 ’
97 3745 158 3816 sed
169 3747 368 3844 perspicue
384 3763 509 3820 tamen
529 3761 607 3818 erat
624 3746 807 3843 amplior,
834 3767 948 3841 quam
965 3767 1098 3814 secun·

64 3867 66 3872 “
99 3859 185 3932 dum
203 3878 386 3936 naturam.
404 3865 503 3936 Illud
523 3888 678 3962 quoque
703 3863 742 3934 in
768 3884 998 3934 venosurnm
1013 3884 1099 3931 cor·
1197 3958 1199 3962 ι

97 3976 151 4052 dis
179 3983 357 4072 sinuum,
384 4007 450 4056 seu
473 3982 591 4056 mavis
623 3982 663 4052 in
690 3979 945 4052 auricularum
970 3975 1097 4050 cordis
