2790 4668
168 433 238 486 mr.
260 433 317 486 111.
345 438 392 489 ur
417 435 554 488 nosris
577 439 749 507 verrius,
774 445 886 494 misr.
913 449 1008 496 xciv.
1037 427 1108 515 463

93 544 214 640 bam,
233 550 428 638 eccidisse,
442 553 529 650 scio.
551 557 601 624 Ut
615 555 660 636 iis
676 572 801 628 autem
819 559 958 655 quibus
977 561 1017 634 hi
1035 591 1110 640 me·

92 673 205 767 jores
228 693 361 742 omnes
379 669 668 761 oblitterantur,
694 672 823 748 deesse
845 691 990 752 tautum
1014 661 1108 756 ecn-

98 801 176 866 stat
196 801 381 884 quantum
405 811 601 860 secernere
618 790 732 862 iidem
746 791 917 868 solebant
936 797 1108 876 humoris

94 905 151 976 ad
180 904 341 976 urethrae
363 907 524 1002 parietes
549 905 727 980 adversus
753 909 835 981 lotii
861 919 1107 1000 acrimoniam

97 1022 341 1110 illiniendcs3
360 1025 413 1094 sie
437 1023 574 1094 rationi
594 1029 806 1098 censorium
830 1045 909 1120 est,
931 1033 1015 1108 ilios
1030 1063 1107 1136 prae

96 1141 267 1230 caeteris,
296 1141 367 1224 nisi
399 1139 552 1222 urethra
570 1143 897 1238 totvccaliueriu
922 1151 1108 1230 obnoxios
1220 1218 1222 1222 .

96 1257 185 1331 fieri
203 1259 453 1355 inposterum
472 1258 617 1331 ardoris
637 1263 763 1332 sen'sui
786 1263 833 1335 ab
851 1267 984 1341 eudem
1001 1271 1109 1364 lotio,

97 1391 140 1451 et
156 1375 274 1482 sidroc
294 1375 418 1448 acrius
437 1369 504 1462 sit,
523 1377 635 1450 etium
653 1379 840 1450 erosioui:
858 1384 1108 1482 reliquoseu-

97 1509 177 1566 tem
192 1517 261 1592 pro
275 1519 435 1568 numero
455 1495 677 1566 amissorum
703 1497 1020 1589 ranunculorum,
1042 1525 1107 1581 aut

99 1635 173 1710 pro
195 1635 291 1684 noxa
311 1611 526 1684 canaliculis
553 1613 672 1700 iliata,
704 1613 909 1691 levioribus
925 1625 1105 1718 quidem,

98 1729 230 1802 sedem
259 1728 427 1825 ejusdem
457 1733 620 1828 generis,
647 1733 783 1816 tentari
813 1735 1004 1812 molestiis.
1032 1745 1105 1826 Sed

99 1845 177 1918 hoc
191 1847 279 1926 satis
291 1849 339 1920 sit
352 1848 524 1944 attigisse.
545 1848 600 1918 Ad
612 1848 649 1919 id
673 1849 904 1946 quodmodo
920 1857 1107 1943 indiceba-

98 1978 183 2052 tur,
201 1966 408 2034 veniamus.

156 2107 209 2153 iu.
229 2081 448 2180 Asthmatici
468 2083 534 2180 qui
561 2083 598 2152 in
625 2087 860 2158 nosocomio·
873 2087 1104 2181 decesserat,

99 2201 273 2299 quaedem
293 2201 332 2270 in
354 2201 588 2297 gymnasium
614 2217 737 2300 partes
755 2203 863 2276 illatae
880 2223 989 2299 sunt,
1016 2237 1116 2284 cum

99 2321 141 2390 in
155 2319 252 2388 virili
263 2317 382 2390 altero
394 2316 573 2390 cadavere
586 2335 786 2394 anatomeu
802 2323 988 2398 traderem
999 2354 1102 2404 annu

104 2439 208 2536 1746.
224 2443 333 2510 Juvat
356 2439 456 2509 euim
483 2437 653 2534 ejusdem
675 2457 802 2538 partes
825 2469 870 2514 er
895 2471 973 2518 non
1001 2475 1103 2544 unu,

97 2581 188 2628 eum
208 2557 317 2644 licet,
335 2579 520 2654 corpore,
540 2557 706 2655 eliasque
725 2560 834 2640 aliter
851 2561 1031 2640 dissectas
1046 2567 1104 2643 ds-

98 2674 275 2746 tendere:
297 2673 504 2771 quodtunc
524 2671 646 2746 facere
660 2674 803 2749 ferebat
825 2681 972 2754 animus
990 2687 1028 2756 iu
1045 2709 1104 2760 ve-

98 2792 224 2864 siculis
239 2792 480 2866 seminalibus
491 2807 549 2880 ,et
564 2817 670 2890 pene.
682 2796 862 2867 Vesioulae
877 2801 945 2870 etsi
961 2804 1103 2888 cellulis

97 2914 199 2984 intus
218 2927 324 2984 erant
339 2911 523 3001 humidis;
547 2909 641 2982 nihil
662 2925 788 2984 tamen
814 2919 1103 2994 semini's‘conti-

100 3029 250 3101 nebunt.
272 3028 503 3116 Garrrncnhr,
522 3043 558 3100 et
586 3029 775 3128 quidquid
800 3033 847 3104 ad
870 3039 1103 3133 superiorem

100 3147 292 3243 urethram
309 3145 519 3244 spectabat,
539 3146 637 3218 hene
655 3171 694 3221 se
716 3147 889 3224 habebat.
923 3155 995 3227 Sed
1017 3185 1104 3233 cum

100 3263 315 3339 inferiorem
337 3265 562 3362 persectari,
590 3267 835 3362 crassiusculo
858 3274 1013 3368 specillo
1037 3304 1108 3376 per

101 3381 274 3454 infimum
300 3373 486 3454 orificium
515 3382 658 3471 indito,
697 3409 779 3458 eam
808 3403 955 3486 partem
990 3421 1105 3492 quem

100 3502 206 3600 glans
226 3501 508 3599 complectitur,
534 3501 828 3599 aperuissemus,
849 3509 956 3604 cujus
976 3536 1105 3612 super-

101 3616 201 3691 ficies
228 3620 344 3716 partis
377 3617 552 3690 uouuihii
580 3633 658 3692 erat
688 3621 901 3718 inaequalis,
947 3629 1106 3708 ulterius
1173 3641 1174 3646 ’

103 3737 303 3807 immittere
334 3737 531 3836 specillum
564 3738 756 3826 volentes,
795 3741 893 3814 ultra
920 3751 1107 3845 sesquidi.

104 3855 219 3951 gitum
254 3878 331 3924 non
366 3855 570 3951 potuimus.
605 3859 700 3926 Tum
730 3883 751 3928 u
780 3863 996 3958 superiore,
1023 3893 1106 3966 quoe

104 3985 230 4068 aperta
265 3988 362 4060 erat,
397 3987 502 4070 parte
533 3972 633 4044 idem
662 3977 807 4064 conati,
844 3978 943 4050 idem
980 3982 1108 4057 obsta-
