2790 4668
348 427 420 524 dio
514 452 561 502 ee
586 451 733 502 sentens
758 443 801 500 nr
826 447 951 500 cuneus
976 447 1183 502 nossonuu

348 569 497 650 Collum
517 580 597 640 erat
616 562 903 654 subtumidum3
920 589 1000 636 non
1017 563 1152 654 facies,
1171 593 1245 666 que
1263 591 1313 640 uec

346 683 559 760 rubicunde
571 697 661 756 erat.
676 679 831 754 Duabus
846 682 1024 754 circitera
1040 687 1315 762 novissimarene

346 803 453 903 pedis
463 801 628 878 sectione
641 799 848 896 interjectis
860 797 1063 886 horis,etsi
1079 803 1314 900 puisusadhuc

345 917 564 1022 perstabant
590 915 723 1004 validi,
749 916 829 1015 ipse
852 931 978 990 tamen
1013 942 1110 1016 aeger
1138 921 1313 1019 proximam

346 1061 426 1112 5555
442 1051 603 1108 mortem
620 1033 823 1135 presensit.
846 1037 938 1124 Quae
951 1059 1084 1108 revera
1105 1063 1194 1110 mox
1207 1038 1315 1137 ingruit

344 1155 480 1228 eodem
499 1152 560 1224 die
581 1152 691 1226 tertio
711 1151 810 1224 circa
836 1149 1050 1242 meridiem,
1071 1157 1124 1227 sic
1147 1170 1274 1242 tamen,
1287 1167 1315 1224 ut

343 1297 433 1346 casu
449 1269 568 1343 videri
585 1283 711 1370 posset
726 1270 921 1367 ingruisse.
951 1273 1044 1348 Cum
1058 1273 1162 1344 enim
1178 1297 1249 1346 eam
1262 1293 1315 1369 qua

320 1431 323 1443 ·
342 1388 540 1476 utebatur,
568 1410 705 1485 aquam
727 1388 977 1486 poposcisset,
997 1402 1034 1460 et
1054 1390 1239 1462 incautius
1261 1386 1314 1458 for·

342 1523 438 1581 tasse
451 1507 490 1578 in
510 1503 636 1578 fauces
654 1502 812 1604 paululo
830 1504 922 1604 plus
935 1505 1135 1578 demittere
1152 1508 1314 1587 voluissem

313 1625 322 1630 ’
343 1625 526 1699 continuo
544 1647 586 1694 55
604 1623 751 1696 ratione
770 1636 943 1696 mortuus
971 1639 1044 1713 est,
1072 1639 1114 1696 ut
1142 1627 1207 1724 qui
1224 1623 1314 1696 adsu-

341 1743 452 1832 bant,
479 1739 568 1813 inde
601 1735 825 1812 suffocatum
862 1741 1126 1814 existimarent.
1157 1747 1243 1816 Cum
1260 1740 1313 1811 dies

339 1863 514 1948 instaret,
531 1883 609 1956 quo
627 1855 687 1928 die
704 1855 895 1930 tradendae
913 1873 1108 1932 anatomes
1125 1861 1261 1930 initium
1277 1855 1312 1926 fa-

287 1989 289 1994 '
340 1993 426 2052 cere
442 1980 482 2051 in
496 1975 644 2049 theatro
662 1973 864 2062 debebam,
878 1974 916 2046 id
938 1991 995 2048 cst
1010 1979 1093 2048 XIV
1111 1975 1185 2048 kal.
1201 1975 1312 2048 februa·

340 2095 513 2168 riasanni
535 2093 643 2190 1748,
667 2091 827 2164 cadaver
846 2091 1005 2164 biduum
1025 2117 1071 2164 an
1088 2095 1249 2166 triduum
1262 2117 1312 2163 ser·
1366 2093 1367 2106 ¹

338 2229 487 2299 vatum,
512 2210 781 2296 nihilominus,
808 2211 951 2309 quippe
983 2208 1223 2310 frigidissimo
1248 2209 1310 2283 anui

338 2347 530 2429 tempore,
544 2329 725 2400 idoneum
742 2328 903 2400 maxime
922 2327 993 2400 fuit
1006 2385 1015 2416 ‚
1029 2345 1071 2400 ut
1091 2331 1152 2408 uel
1165 2331 1311 2428 vigesimo
1365 2397 1366 2412 ¹

339 2463 443 2524 sexto
470 2449 518 2520 ab
540 2447 695 2520 interitu
718 2445 801 2536 die,
826 2447 1022 2521 nonnullis
1039 2450 1229 2522 etiamtum
1254 2447 1311 2541 e'jus

337 2565 507 2666 partibus
526 2567 581 2637 uti
602 2589 761 2664 possem.
775 2567 911 2636 Totum
925 2566 1036 2664 igitur
1054 2566 1190 2638 ordine
1203 2589 1239 2636 ac
1255 2561 1311 2634 diii·

338 2699 469 2786 genter
482 2699 718 2784 prosectum‚
737 2709 823 2754 cum
841 2682 911 2754 alia
926 2709 1008 2782 quae
1030 2684 1146 2780 hujus
1166 2685 1235 2756 loci
1252 2703 1308 2751 non

337 2815 443 2890 sunt,
473 2799 689 2872 adnotanda
710 2798 872 2885 obtulit,
902 2815 982 2872 tum
1010 2801 1088 2874 hacc
1118 2800 1308 2902 pr'aesertim,
1364 2793 1365 2861 i

336 2943 420 3020 quae
436 2917 641 3012 abuultimis
658 2917 706 2988 ad
724 2919 844 3016 prima
862 2917 1011 2991 rediens
1022 2917 1085 2991 hic
1100 2919 1261 2991 scribam.
1363 3015 1364 3034 ᾖ

386 3035 541 3112 Cerebri
563 3051 746 3108 vasatum
769 3051 993 3134 quaeritne,
1022 3053 1101 3109 tum
1128 3063 1208 3137 quse
1231 3039 1307 3106 intus

337 3171 424 3232 sunt
438 3180 517 3228 nou
534 3154 632 3226 intra
652 3154 881 3230 ventriculos
895 3155 1032 3244 modo,
1049 3156 1116 3228 scd
1143 3171 1179 3230 et
1200 3177 1270 3255 pass
1257 3152 1306 3232 sim

334 3299 404 3377 per
417 3271 664 3344 medullarem
676 3270 923 3344 substantiam
931 3297 1135 3374 sanguine
1146 3269 1307 3346 erantdus
1362 3315 1363 3405 p

335 3406 455 3479 tenta,
474 3415 517 3462 55
532 3405 657 3462 autem
677 3365 895 3495 magrffluse
914 3414 984 3488 per
1004 3391 1188 3462 sinistram
1211 3383 1305 3460 tenuis

233 3593 237 3606 ¹
316 3507 524 3606 meningis
540 3520 683 3606 partem
704 3523 853 3606 repunt.
878 3511 928 3578 Ea
944 3508 1120 3598 meninx,
1139 3523 1181 3580 ut
1196 3520 1305 3580 cetera
1361 3541 1362 3588 ,

335 3650 469 3700 omncs
483 3624 596 3721 hujus
613 3623 783 3722 corporis
793 3623 1042 3715 membranae,
1062 3627 1138 3698 sive
1153 3622 1304 3700 incidere,
1361 3591 1362 3677 i

334 3743 411 3818 sive
429 3739 641 3814 discindere
656 3739 789 3830 velles,
801 3743 919 3840 magis
936 3768 1051 3840 quam
1069 3743 1179 3824 solet,
1195 3738 1303 3812 renite-
1360 3761 1361 3764 ¹

332 3859 455 3932 batur.
476 3861 522 3928 ln
535 3856 750 3960 iaterulsstus
771 3859 989 3932 ventriculis
1005 3885 1108 3959 aquae
1127 3854 1302 3960 pauxillum

333 3976 403 4050 snit
421 3975 666 4054 subcruentus.
696 3975 839 4074 Lingua
858 3965 935 4048 visa
956 3993 1011 4050 est
1028 4002 1135 4075 aequo
1156 3971 1301 4048 crassior:
