2810 4668
301 409 374 499 604
465 435 510 480 na
537 431 681 482 sanmus
706 433 750 482 rr
775 429 898 480 ciusts
923 427 1136 480 normann

303 547 541 632 diducentes,
578 547 684 644 jecur
708 543 921 618 videramus
946 545 997 616 ad
1020 544 1189 616 medium
1221 545 1309 645 ima

303 689 475 738 convexa
490 662 596 738 faciei
606 664 751 736 macula
770 660 951 735 infectum
968 687 1047 734 nou
1060 687 1218 760 magna,
1234 660 1310 734 ur-

305 783 380 856 culi
398 783 541 854 ambitu
561 780 854 880 comprehensa,
874 805 919 853 ex
932 781 1085 853 cinereo
1099 780 1312 870 albicante,

260 915 263 920 '
303 901 371 998 qui
397 901 503 974 color
526 902 564 971 in
589 900 742 972 visceris
769 898 1013 972 substantiam
1040 897 1311 970 descendebat.

302 1020 348 1088 ln
361 1017 522 1089 vesicula
541 1017 588 1088 ad
608 1015 842 1115 nigredinem
857 1015 1035 1113 vergebat
1053 1014 1155 1086 bilis.
1182 1016 1313 1088 Lienis

291 1137 458 1233 'quoque
492 1135 583 1206 sima
615 1131 727 1206 facies
759 1158 803 1204 ex
831 1132 947 1204 livido
974 1131 1239 1231 nigrescebat,
1273 1157 1314 1206 ea

303 1265 429 1324 tamen
453 1250 649 1348 nigredine
678 1251 740 1321 vix
763 1250 863 1322 ultra
892 1251 1059 1322 tunicam
1093 1274 1133 1324 se
1170 1250 1315 1348 produ·

304 1369 422 1441 cen'tc.
437 1371 618 1440 Pancreas
630 1369 751 1440 visum
760 1367 1031 1440 duriusculum.
1043 1369 1315 1456 VentriculuS,

303 1501 489 1585 quantum
512 1488 742 1558 extrinsecus
759 1484 929 1580 judicare
955 1485 1081 1574 licuit,
1114 1510 1246 1558 sanus.
1271 1492 1315 1562 In

303 1605 409 1676 tenui
430 1605 608 1676 intestino
634 1601 812 1675 lumbrici
828 1617 964 1674 teretes
983 1627 1100 1674 manu
1128 1606 1314 1702 percepti·

303 1725 409 1794 Tunc
429 1722 560 1794 oculos
581 1720 628 1792 ad
650 1745 693 1792 ea
720 1745 803 1818 quae
828 1721 867 1790 in
889 1719 989 1817 pelvi
1016 1734 1124 1804 sunt,
1154 1745 1317 1794 conver-

304 1855 444 1928 tentes,
468 1841 508 1910 in
531 1839 602 1912 bac
627 1863 785 1938 paucam
809 1839 946 1935 aquam
964 1838 1316 1912 animadvertimus.

303 1959 473 2030 Vesicam
493 1973 638 2036 autem.
656 1982 739 2054 quae
755 1958 865 2034 urina
882 1954 1044 2028 distenta
1060 1951 1207 2051 iuerat,
1229 1982 1317 2028 cum

304 2076 458 2146 annexis
482 2073 710 2172 genitalibus
731 2075 960 2159 eximentes,
995 2074 1036 2144 in
1064 2073 1148 2168 ejus
1181 2075 1316 2146 intima

304 2187 397 2262 facie
414 2191 563 2262 vascula
590 2191 855 2289 conspeximus
879 2190 1060 2288 sanguine
1089 2190 1244 2261 tumida
1271 2189 1317 2262 ad

303 2329 480 2404 magnum
501 2323 682 2396 tractum,
700 2323 742 2380 ut
761 2331 876 2406 supra
885 2305 1016 2378 oscula
1030 2321 1233 2424 ureterum
1249 2332 1317 2406 per

302 2449 400 2522 quos
413 2425 636 2523 pergebant,
663 2424 904 2524 incipiendo,
928 2423 976 2494 ad
995 2423 1162 2496 uretbrae
1189 2452 1314 2525 usque
1403 2433 1404 2448 ¹

302 2543 450 2616 initium
462 2545 524 2616 ¹sic
542 2557 788 2641 apparerent:
809 2543 1032 2639 quinetiam
1048 2545 1151 2614 inter
1169 2570 1216 2616 ea
1230 2570 1314 2617 vas·

303 2661 404 2749 cula,
423 2662 516 2734 locis
545 2662 710 2758 aliquot,
739 2675 860 2758 guttas
888 2657 997 2740 effusi
1022 2664 1223 2764 sanguinis
1245 2688 1313 2762 per

300 2780 471 2850 intimam
499 2779 673 2870 tunicam
692 2777 1048 2876 transpiciebamus3
1079 2779 1121 2850 in
1150 2779 1314 2852 uretbra

216 2991 228 3002 ι
302 2911 426 2968 autem
450 2895 531 2994 ipse
558 2894 627 2968 sub
648 2897 827 2968 interiore
860 2895 941 2990 ejus
963 2894 1208 2984 membrana,
1236 2898 1312 2968 suis

299 3013 459 3098 vasculis
483 3014 654 3110 irrigata,
684 3013 886 3110 grandiora
915 3013 974 3084 bis
1002 3013 1092 3100 alia,
1122 3016 1311 3112 sanguine
1402 3023 1403 3050 ³

298 3131 462 3202 multum
475 3129 646 3202 distenta.
657 3130 920 3228 Nympharum
935 3130 1103 3218 sinistra,
1119 3157 1207 3229 quae
1222 3131 1310 3204 dex·

301 3261 380 3320 tera
397 3247 527 3336 latior,
545 3261 582 3319 et
597 3272 717 3345 usque
736 3247 831 3320 adeo
850 3247 1001 3345 longior
1013 3262 1108 3334 erat,
1134 3264 1181 3320 ut
1198 3249 1247 3320 ad
1263 3250 1310 3320 la·

300 3361 452 3436 biorum
467 3361 624 3436 fraenum
639 3367 875 3462 perveniret,
900 3361 1120 3450 interfusam
1138 3365 1311 3438 substan·

299 3482 359 3554 tiae
380 3507 452 3554 suae
471 3506 606 3579 aquam
633 3482 862 3556 continebat.
891 3486 1009 3554 Porro
1042 3483 1187 3580 vaginae
1210 3481 1310 3554 orifi-

300 3599 421 3684 cium,
438 3615 475 3671 et
490 3599 629 3696 hymen
647 3625 692 3672 ex
705 3599 825 3672 rubro
833 3601 962 3698 nigra,
977 3614 1014 3672 et
1023 3623 1135 3698 grave
1145 3600 1307 3704 olentia,
1401 3659 1402 3670 ,

298 3715 470 3814 proxima
486 3731 612 3790 autem
626 3719 767 3816 vaginae
778 3741 863 3817 pars
879 3716 940 3788 hic
957 3717 1034 3787 illic
1052 3743 1098 3788 ex
1111 3703 1231 3790 livido
1244 3717 1309 3788 fla·

300 3855 474 3920 vescens,
486 3857 570 3906 ¹non
588 3831 794 3906 obscurum
814 3857 1020 3934 gangraenae
1038 3832 1227 3906 indicium
1244 3833 1309 3906 da·

300 3948 475 4030 babenb
494 3949 553 4026 his
572 3947 712 4026 infimis
729 3951 777 4024 ad
796 3954 993 4050 superiora
1013 3975 1246 4050 conversus,
1263 3952 1309 4026 si·
