2746 4674
277 425 345 514 184
442 449 488 495 nr
515 445 659 496 sautans
683 446 728 495 aa
752 437 875 494 causis
899 445 1107 496 noseorum
1363 419 1364 476 ἶ

272 561 321 633 ad
346 561 429 659 pyri
456 560 634 650 formam,
661 562 722 630 vix
750 560 872 632 ullum
899 561 1098 633 transitum
1116 559 1282 658 permit·

207 725 211 733 ι
271 695 370 766 tens,
390 671 435 750 'ex
449 679 598 750 assiduo
619 678 818 750 catheteris
835 679 980 775 impetu
1001 678 1218 776 phlogosim
1236 679 1281 748 in
1363 685 1364 770 t

275 797 350 866 ima
365 809 470 892 parte
492 810 725 893 conceperat.
748 795 989 868 Ventriculus
1000 794 1124 866 cordis
1143 793 1285 866 dexter

276 914 465 1012 polyposae
486 913 736 984 concretionis
759 911 1066 984 inchoamentum
1095 914 1283 986 ostendit.

325 1055 357 1127 7.
382 1030 597 1129 Phlogosim
611 1028 796 1126 ejusmodi
809 1053 888 1100 non
901 1027 1012 1101 fuisse
1027 1029 1125 1103 illius
1140 1031 1285 1103 mortis
1363 1037 1364 1110 i

275 1173 423 1222 causam
442 1148 679 1220 manifestum
692 1162 756 1220 est.
775 1152 917 1219 Verum
933 1148 974 1217 in
992 1171 1150 1246 corpore
1162 1148 1284 1246 longa

274 1279 396 1354 atate,
411 1289 454 1338 ac
470 1264 699 1338 creberrima
719 1265 801 1336 lotii
819 1266 1028 1336 retentione
1044 1266 1095 1337 sic
1112 1263 1282 1336 infirma·

274 1397 333 1472 tn,
350 1398 391 1454 ut
405 1381 631 1456 decumbere
651 1395 866 1480 cogeretur,
885 1361 999 1480 qiram
1017 1381 1170 1454 vitiatus
1190 1407 1283 1456 sen·

275 1503 344 1574 sim
356 1517 450 1573 esset
463 1501 631 1599 sanguis,
646 1525 727 1570 non
742 1495 892 1570 difficile
904 1515 959 1571 est
971 1500 1170 1595 conjicere.
1186 1503 1282 1572 Non
1363 1505 1364 1592 i

274 1620 413 1689 mirum
440 1620 625 1718 igitur..si
658 1617 858 1689 accedente
882 1641 925 1687 ea
950 1619 1161 1688 retentione
1194 1643 1282 1716 quae

199 1749 201 1753 '
274 1759 343 1834 per
374 1735 602 1823 catheterem
628 1734 710 1805 tolli
739 1759 818 1805 non
845 1749 1009 1833 poterat,
1036 1735 1136 1806 inter
1158 1734 1283 1831 hujus
1363 1763 1364 1794 i

274 1855 400 1924 inania
415 1852 661 1937 irritamenta,
678 1851 888 1949 inceperint
907 1852 1059 1923 demum
1075 1875 1158 1949 quae
1168 1850 1282 1923 brevi

274 1971 470 2042 hominem
488 1966 730 2040 conficerent.
747 1967 816 2039 Vel
839 1970 917 2040 siue
930 1969 1002 2041 illis
1020 1969 1281 2058 irritamentis,

275 2089 390 2186 paulo
400 2089 585 2183 posterius
599 2083 775 2175 fortassis,
785 2086 850 2159 sed
859 2087 1105 2158 nihilominus
1114 2087 1282 2158 interiis-
1363 2085 1364 2162 i

276 2219 352 2291 set,
370 2217 414 2274 ut
439 2217 495 2274 tot
509 2202 571 2272 alii
591 2217 627 2274 et
643 2204 682 2274 in
710 2204 756 2276 iis
779 2201 837 2275 vir
858 2229 1009 2301 quoque
1032 2204 1138 2300 cujus
1155 2202 1281 2278 histo·

274 2322 392 2408 riam,
411 2323 505 2392 sicut
523 2321 651 2419 accepi
673 2313 873 2392 abeodem
893 2319 1058 2409 medico,
1070 2345 1188 2418 quem
1211 2321 1281 2394 tibi
1363 2303 1364 2386 i

276 2437 426 2536 alias(1)
445 2436 609 2526 laudari,
626 2440 822 2528 Marisato,
839 2438 915 2517 huc
929 2437 1150 2510 adscribam.

325 2556 357 2626 8.
369 2557 461 2628 Viro
474 2557 513 2626 in
531 2556 604 2626 hoc
623 2557 844 2629 nosocomio
865 2556 1109 2628 decumbenti
1124 2557 1176 2628 ob
1197 2557 1280 2630 lotii

208 2727 210 2732 -
276 2665 599 2771 suppressionem,
617 2675 694 2768 jam
709 2674 767 2747 bis
787 2674 963 2746 eductum
983 2673 1057 2746 hoc
1074 2672 1218 2762 iuerat,
1244 2689 1279 2746 et

274 2815 409 2890 magna
428 2816 575 2889 semper
592 2793 720 2889 copia,
742 2817 811 2889 per
827 2791 1034 2888 immissam
1057 2806 1278 2890 argenteam

274 2908 447 2982 fistulam.
469 2915 564 2982 Cum
577 2909 624 2983 ab
638 2909 710 2982 hac
726 2926 790 2981 aut
806 2911 902 3008 aeger
918 2923 983 2980 aut
998 2909 1060 2981 alii
1079 2935 1127 2982 ne
1145 2913 1278 2984 vesicae

186 3047 200 3063 ·
275 3027 399 3097 cervix
413 3028 525 3097 nimis
537 3028 765 3113 irritaretur,
779 3019 977 3114 timerent,
996 3039 1277 3125 proptereaque

275 3142 526 3232 abstinerent3
543 3167 644 3214 mors
661 3168 739 3214 non
761 3145 840 3214 sine
863 3145 1090 3216 convulsivis
1110 3159 1278 3242 sympto·
1363 3213 1364 3238 p

177 3247 178 3250 ¹
272 3260 434 3332 ruatibus
449 3263 600 3359 ingruit.
619 3261 778 3332 Dissecti
798 3284 905 3348 sana,
931 3276 1116 3358 quantum
1142 3282 1277 3333 sensus

271 3375 439 3472 judicare
455 3393 619 3474 poterat,
634 3379 774 3450 viscera
784 3378 912 3450 omnia
922 3394 1034 3476 atque
1047 3378 1141 3452 adeo
1152 3381 1276 3452 vesica
1363 3387 1364 3438 i

273 3496 354 3592 ipsa
381 3519 533 3591 quoque
552 3511 700 3593 reperta
719 3510 789 3584 est;
811 3496 889 3567 sine
908 3495 985 3568 ullo
1003 3497 1103 3566 enim
1128 3495 1274 3568 inflam-

274 3608 449 3680 matioh'rs
478 3611 584 3714 initio
612 3612 875 3684 tantummodo
908 3612 1070 3685 distenta
1102 3627 1202 3702 erat,
1233 3625 1274 3684 ut
1363 3615 1364 3654 ³

275 3820 1273 3861 *ww

252 3955 255 3958 ’
313 3986 639 4070 cuneatur.
713 3977 714 3980 ‘
