2740 4670
285 469 354 570 372
448 496 493 541 nu
521 491 666 541 senraus
691 491 735 538 rr
761 489 885 540 causts
909 487 1119 542 uoaaoaurt

282 633 352 680 nec
367 607 473 677 illum
487 661 497 692 ,
513 607 688 701 iuquam,
707 603 900 676 tendinem
919 605 958 674 in
976 607 1056 676 veri
1068 605 1200 676 annuli
1216 603 1279 676 for·

281 749 379 795 mam
394 720 594 821 perforari,
619 743 688 791 nec
705 722 949 818 peritonaeum
971 722 1010 792 in
1036 723 1211 820 vaginam
1230 748 1277 794 ex-

282 844 424 928 cavari,
448 863 613 937 quorum
639 853 843 935 utrumque
864 838 1035 935 plerique
1067 839 1277 927 crederent;

281 959 347 1032 sed
374 957 563 1032 filamenta
594 969 741 1025 tantum
771 955 956 1027 nonnulla
992 954 1081 1026 hinc
1116 971 1152 1030 et
1181 957 1276 1026 illinc

282 1077 479 1148 demittere
506 1097 587 1171 quae
618 1095 730 1171 super
747 1097 789 1143 ea
805 1095 890 1144 vasa
918 1072 1185 1162 traducantur,
1215 1065 1277 1146 n'ec

283 1191 392 1262 aliam
414 1214 492 1261 esse
517 1191 616 1259 iuter
632 1191 879 1286 peritouaeum
901 1204 938 1259 et
960 1183 1171 1286 vaginalem
1188 1192 1278 1262 tuni·

281 1333 362 1380 cam
393 1307 678 1377 connexionem.
713 1305 824 1376 Unde
851 1307 962 1376 etiam
992 1307 1170 1404 intelligis
1199 1332 1275 1406 pro-

280 1448 425 1497 cessum
441 1425 546 1494 illum
563 1405 642 1492 non
661 1423 772 1519 quasi
787 1424 954 1496 canalem
970 1424 1175 1520 quemdam
1199 1449 1274 1522 per·

279 1557 437 1641 petuum
463 1555 667 1638 spectasse,
696 1542 761 1636 qui
794 1543 959 1637 primum
983 1567 1069 1613 vasa
1098 1542 1160 1612 illa
1180 1567 1274 1612 com·

278 1661 430 1759 plexus,
459 1655 595 1729 deinde
616 1681 655 1728 se
674 1658 797 1753 ipsum
816 1659 857 1730 in
881 1651 1091 1755 vagiualem
1116 1662 1276 1731 tunicam

276 1778 490 1890 explicaret.
509 1777 586 1844 Nec
604 1797 690 1845 sane
707 1775 881 1871 ignorare
902 1792 1049 1872 poterat
1059 1781 1198 1850 tunicae
1215 1777 1275 1849 hu·

227 1957 228 1960 ,
273 1895 335 1992 jus
353 1918 485 1964 cavum
506 1915 585 1961 non
607 1891 767 1962 multum
792 1916 829 1962 se
849 1916 960 1990 supra
984 1895 1202 1968 testiculum
1227 1911 1274 1967 at-

278 2012 435 2098 tollere,
452 2035 531 2080 non
549 2009 666 2079 modo
686 2025 859 2080 anatome
879 2009 918 2079 id
940 2027 1195 2103 monstrante,
1218 2013 1275 2086 sed

279 2145 315 2200 et
335 2126 663 2198 Swammerdamio
694 2127 733 2195 in
765 2125 946 2198 miraculo
972 2145 1121 2202 naturae
1146 2131 1277 2204 diserte

277 2246 523 2330 admonente,
549 2269 629 2314 eam
644 2245 810 2314 tunicam
826 2269 902 2314 non
925 2269 962 2316 se
984 2269 1022 2316 se
1041 2248 1162 2320 multo
1180 2248 1273 2321 ultra

278 2361 465 2433 testiculos
482 2360 692 2432 extendere.
702 2359 812 2452 Quod
831 2377 981 2434 secutus
999 2364 1143 2437 Blasius
1155 2365 1274 2462 (1),in

277 2479 324 2550 de
343 2505 385 2548 ea
406 2478 558 2548 deduxit
577 2502 679 2574 quae,
708 2477 774 2547 ubi
798 2478 845 2549 de
874 2478 1077 2576 hydrocele
1103 2509 1273 2580 agemus,

275 2594 372 2667 infra
385 2595 438 2693 (α)
453 2594 745 2667 memorabimus
756 2597 914 2667 :interea
926 2599 965 2666 in
976 2598 1274 2702 Sepulchreto(3)
1366 2587 1367 2608 ³

274 2715 402 2787 videre
429 2714 579 2811 poteris.
610 2716 694 2804 Quo
721 2713 816 2783 sicut
848 2713 911 2783 illa
943 2716 1057 2786 relata
1094 2737 1204 2807 sunt,
1231 2722 1273 2790 ita
1365 2777 1366 2784 ,

274 2833 386 2904 etiam
404 2820 536 2902 referri
550 2827 708 2900 decebat
721 2853 803 2926 quae
816 2832 1172 2909 Swarnmerdamius
1185 2837 1273 2908 indi-

275 2965 358 3022 cato
377 2951 483 3036 loco,
505 2963 541 3018 et
559 2969 744 3043 quaecum
763 2972 808 3017 eo
827 2952 953 3020 Justus
971 2948 1207 3028 Schraderus
1223 2954 1273 3052 (l)
1364 2929 1365 2934 ἵ

272 3067 320 3137 de
331 3067 404 3136 alio
421 3067 598 3154 omnino,
619 3063 813 3160 siquando
830 3081 884 3136 est
894 3099 908 3152 ,·
924 3068 1119 3162 peritonaei
1132 3095 1271 3168 proces

274 3208 339 3272 su3
353 3184 425 3252 alio
438 3179 842 3286 autem‘heruiosorum
857 3183 1005 3253 sacculo
1018 3184 1269 3262 observarunt.
1362 3269 1363 3278 χ

271 3301 373 3392 Quid
386 3325 476 3398 ergo
494 3289 569 3386 est,
584 3299 729 3396 inquis,
749 3300 853 3396 quod
871 3317 996 3373 narrat
1012 3307 1154 3378 Boseus
1167 3309 1206 3378 in
1219 3310 1272 3378 Se·

311 3674 353 3759 (1)
375 3677 447 3732 Obs.
464 3687 541 3728 anat.
556 3673 588 3728 in
599 3674 680 3728 hom.
696 3673 750 3731 ubi
761 3675 797 3731 de
814 3688 893 3734 teste.

326 3813 342 3848 2

309 3907 351 3990 (3)
374 3907 452 3962 Seet.
469 3905 590 3978 hac29,
606 3903 670 3959 obs
686 3922 713 3960 a.

309 4023 352 4102 (t)

374 4024 444 4079 Dee
462 4035 493 4091 a,
511 4019 576 4075 obs.
590 4027 672 4074 auat
683 4017 760 4075 med.
776 4015 804 4076 5
