2810 4668
168 455 235 502 ern.
265 455 319 502 111.
349 457 394 500 oe
420 453 555 502 nonnis
575 453 743 518 verrius,
769 453 884 503 srrsr.
912 457 1008 506 xuvr.
1039 431 1110 531 579

156 596 212 640 aa.
233 568 305 642 Sed
319 569 360 640 in
385 583 511 640 nostra
531 567 792 640 observatione
814 570 909 642 illud
934 588 1111 669 praeterea

102 711 232 758 rarum
259 683 350 784 fuit,
368 685 474 785 quod
503 699 615 758 testes
634 685 827 759 deessent:
855 691 922 787 qui
940 691 1000 760 vel
1021 690 1111 762 dua-

99 827 190 876 rum
216 805 255 873 in
291 803 431 900 quibus
464 803 612 873 nullum
638 829 794 901 prorsus
820 821 967 878 uterum
993 806 1110 880 ,fuisse

100 921 268 992 diximus
295 920 367 1017 (ι),
394 923 433 990 in
453 923 573 1019 prima
603 933 767 1005 tantum,
797 947 876 994 non
911 927 1049 1021 pariter
1070 927 1109 996 in

97 1039 216 1110 altera
232 1036 444 1110 defuerunt.
463 1043 634 1129 Quorum
653 1063 743 1134 eg0,
759 1053 795 1109 et
806 1040 983 1112 tubarum
1006 1045 1110 1131 vitia,

96 1179 351 1254 quaecumque
372 1156 412 1224 in
434 1154 725 1229 dissectionibus
747 1161 946 1254 conspexi,
976 1160 1007 1250 si
1033 1161 1110 1230 vel·

99 1273 177 1347 tem
187 1273 316 1344 omnia
332 1271 751 1370 singillatimhislitteris
765 1275 1108 1371 comprehendere3

100 1390 227 1462 nullas
258 1390 361 1462 hisce
384 1393 590 1488 accepisses
612 1391 814 1489 longiores.
837 1393 908 1464 Sed
930 1395 1109 1466 nimirum

98 1533 259 1607 operam
298 1533 571 1607 supervacuam
609 1533 820 1597 sumerem,
858 1534 942 1580 cum
978 1533 1109 1582 eorum

97 1627 283 1726 pleraque
298 1627 378 1698 aliis
397 1627 567 1726 epistolis
578 1629 809 1724 scripserim,
830 1643 894 1700 aut
909 1631 979 1700 sim
994 1631 1110 1728 scrip-

98 1761 224 1816 turus.
242 1749 373 1840 Itaque
392 1745 577 1816 nonnulla
605 1744 667 1816 hic
691 1746 891 1844 attingam,
909 1773 990 1845 quae
1007 1771 1110 1818 com·

100 1861 261 1933 modum
283 1861 371 1932 alibi
392 1887 472 1932 non
491 1877 615 1934 essent
636 1863 763 1934 locum
785 1862 978 1953 habitura,
996 1865 1109 1940 ¹tubis

99 1980 270 2077 primum
282 2034 293 2068 ,
307 1993 387 2050 tum
406 1979 452 2050 de
472 1978 639 2052 testibus.

54 2110 57 2116 '
153 2095 209 2169 23.
227 2091 395 2168 Mulieris
410 2121 531 2169 annos
552 2112 645 2169 uate
670 2098 819 2170 circiter
835 2100 1108 2198 quinquaginta

99 2239 188 2287 cum
208 2231 355 2287 exsecta
381 2215 557 2313 genitalia
575 2217 615 2286 in
636 2218 858 2287 nosocomio
875 2216 1108 2290 demonstra-

95 2357 181 2404 rem
199 2334 355 2404 ineunte
372 2332 482 2430 aprili
508 2325 598 2404 anni
620 2333 729 2429 17433
750 2331 828 2403 h'aec
846 2333 922 2404 duo
941 2336 1109 2407 animad-

95 2451 205 2522 verti.
217 2448 493 2521 Uteriuiosculi
504 2469 663 2537 corona,
682 2453 1106 2545 quaeraterassissima‚
1190 2460 1192 2464 ’

96 2569 395 2667 prominentiam
423 2569 578 2664 insuper
607 2591 684 2638 una
714 2581 888 2664 exparte
922 2567 1108 2657 hahebat,

99 2685 395 2775 subrutundam,
417 2709 530 2784 quam
545 2684 731 2773 secando,
751 2684 874 2756 albam
892 2685 991 2756 intus
1011 2687 1104 2776 vidi,

97 2804 428 2900 skirrhosamque·
451 2825 530 2875 esse
569 2804 710 2874 censui.
751 2802 941 2872 Tubaruua
980 2817 1104 2876 autem

94 2937 232 2994 neutra
256 2921 517 2994 tenuissimum
536 2920 733 3018 specillum
748 2974 757 3007 ‚
774 2943 843 3018 per
858 2920 980 3015 majus
1008 2921 1106 2992 orifi-

96 3041 199 3111 cium
226 3039 273 3111 ad
292 3040 457 3138 aliquem
489 3054 671 3127 tractum,
693 3039 770 3134 jam
800 3037 983 3127 inditum,
1007 3039 1104 3112 ultra

95 3183 186 3228 eum
199 3158 325 3229 locum
337 3157 504 3246 admisit3
516 3183 555 3228 re
571 3173 696 3229 autem
711 3178 798 3226 vera
817 3169 1015 3253 utramque
1028 3157 1104 3228 ridi

96 3299 179 3347 esse
192 3299 345 3374 prorsus
362 3277 595 3374 imperviam.

148 3397 205 3480 ad.
236 3394 395 3464 Feminae
424 3393 590 3481 alterius,
611 3415 725 3489 quam
753 3389 916 3462 necdum
944 3391 1104 3486 quadra·

96 3513 200 3610 ginta
210 3535 331 3583 annos
345 3527 470 3584 natam
483 3511 648 3581 thoracis
659 3521 790 3580 acutus
804 3508 977 3594 morbus,
997 3509 1105 3582 chio

91 3630 182 3700 nico
206 3629 496 3727 superveniens,
523 3627 801 3726 absumpserat,
829 3625 1029 3698 cerebrum
1055 3629 1103 3700 de

93 3845 1104 3878 m--u—m-u--m--r-——oe—

139 4002 183 4084 (ι)
205 4007 318 4080 Supra,
338 4023 367 4059 n.
385 4003 431 4064 ιδ.

827 4184 830 4188 ,
876 4096 939 4192 37*
