2726 4676
162 389 230 438 mr.
260 391 315 437 m.
346 390 392 478 op
418 387 741 454 prerowensis,
767 388 877 439 rrisr.
906 391 993 440 xm.
1024 367 1093 442 263

81 501 131 574 ed
154 505 318 576 vesicam
331 502 545 591 descendit,
562 505 670 602 copia
688 503 824 593 dilate,
843 506 1017 576 Morandi
1034 527 1098 576 ex-

82 622 308 720 perimentis
327 618 384 718 (ι)
408 636 644 718 compertum
665 637 730 694 est.
753 622 825 694 Sed
841 622 888 694 ad
910 623 1094 708 calculos,

85 737 234 810 acubus
251 739 526 826 increscentes,
544 754 786 810 revertamur.

139 881 198 926 ιο.
221 855 348 928 Puella
367 856 519 954 agrestis
538 855 668 926 eodem
688 853 805 927 ferme
823 879 897 953 qua
917 858 1021 954 prior
1035 857 1097 929 illa

88 973 243 1046 anobis
270 974 309 1044 in
330 971 646 1070 Ephemeridibus
666 972 719 1070 (ι)
742 974 947 1072 descripta,
974 988 1099 1062 aetate,

89 1117 237 1164 annum
265 1092 364 1161 enim
391 1114 505 1188 egens
523 1107 701 1188 quartum
731 1093 918 1164 decimum
950 1105 1098 1164 mortus
1160 1129 1163 1134 ·

92 1225 170 1295 est,
188 1231 273 1279 cum
291 1216 378 1278 ante
395 1231 543 1280 menses
558 1207 744 1281 sexdecim
764 1209 863 1280 idem
878 1209 983 1306 quod
993 1210 1104 1306 prior'

91 1325 297 1412 fact-iteret,
320 1323 421 1396 idem
453 1326 589 1397 merito
616 1307 722 1424 pass'a
752 1341 807 1398 est
834 1323 1100 1399 infortunium.

88 1447 186 1516 Nam
210 1442 389 1514 crinalem
413 1465 521 1513 acum
547 1465 591 1514 ex
614 1443 826 1530 orichalci),
856 1446 1027 1541 quemvis
1053 1439 1100 1516 ad

89 1561 276 1660 angulum
297 1561 335 1630 in
353 1559 479 1630 medio
499 1558 672 1632 inflexam
694 1583 780 1630 eum
801 1561 911 1632 altius
926 1585 994 1658 per
1012 1584 1100 1632 ure-

92 1679 220 1750 thram
243 1675 475 1767 immisisset,
499 1677 579 1748 sibi
595 1686 750 1776 repente
770 1703 789 1749 e
811 1675 935 1774 digitis
957 1676 1101 1776 abripi,

93 1810 257 1868 ettotam
268 1795 366 1864 intra
379 1794 539 1864 vesicam
554 1793 667 1864 condi
677 1795 801 1866 sensit.
815 1792 961 1866 Pudore
973 1793 1107 1893 probi·

93 1911 191 2000 bite,
211 1936 290 1982 non
310 1910 554 1998 turismodi),
574 1909 639 1983 sed
654 1909 932 2009 propemodum
944 1911 990 1982 ad
1005 1932 1104 1982 mord

93 2044 169 2101 tem
192 2053 314 2126 usque
330 2028 429 2100 siluit
445 2051 570 2098 veram
594 2028 767 2100 dolorum
784 2053 826 2100 ac
845 2029 1100 2101 molestiarum

95 2171 188 2244 quas
212 2144 418 2243 presertim
443 2146 482 2216 in
512 2145 718 2243 mingendo
746 2146 901 2243 pertulit
929 2167 1100 2216 causam:

97 2288 181 2360 quae
207 2277 326 2336 totae
353 2278 461 2334 tantae
488 2260 663 2350 fuerunt,
682 2277 724 2334 ut
745 2279 873 2334 tumor
892 2262 1044 2334 demum
1063 2265 1102 2336 in

98 2380 342 2480 hypogastrio
362 2393 398 2450 et
412 2381 582 2477 proxima
596 2381 703 2450 ilium
719 2395 824 2479 parte
839 2379 1014 2469 obortus,
1034 2404 1109 2479 pus

83 2524 167 2598 ,per
188 2498 266 2570 duo
285 2522 366 2594 quse
384 2496 458 2568 sihi
476 2499 600 2596 ipsum
622 2495 760 2569 fecerat
779 2495 963 2568 foramina
984 2496 1107 2570 effun-

100 2616 226 2704 deret,
242 2615 362 2710 majus
375 2629 411 2686 et
428 2617 577 2704 minus,
596 2637 757 2713 quorum
774 2615 869 2686 iilud
895 2631 974 2686 erat
994 2617 1033 2685 in
1058 2617 1107 2685 ile

103 2734 273 2820 sinistre,
285 2731 358 2802 hoc
376 2733 415 2803 in
436 2731 620 2820 dexteris,
642 2733 796 2830 proprie
809 2731 898 2802 dieti
916 2756 1000 2802 oum
1013 2735 1125 2813 Laus

103 2851 228 2922 rentio
252 2847 308 2946 (3)
330 2847 563 2948 hypogastrii
582 2846 741 2920 finibus:
753 2847 812 2919 Sic
826 2846 956 2919 affecta
976 2849 1016 2917 in
1041 2868 1111 2917 no·¹

105 2969 315 3040 socomium
336 2967 552 3038 Patavinum
569 2991 649 3038 uno
661 2981 725 3038 eut
735 2965 853 3038 altero
866 2980 952 3036 ante
963 2963 1109 3034 obitum

106 3110 235 3157 mense
258 3100 411 3182 excepta
441 3099 505 3157 est.
529 3085 648 3156 Facile
671 3084 725 3155 ibi
744 3083 1109 3169 animadverterunt,

108 3203 218 3276 simul
249 3224 336 3273 cum
367 3226 459 3301 pure
489 3226 557 3300 per
583 3217 790 3300 utrumque
821 3200 913 3272 illud
942 3197 1112 3270 foramen

108 3324 255 3394 urinam
273 3316 435 3409 effundi,
452 3342 523 3418 per
533 3321 724 3393 sinistrum
744 3335 869 3391 sutem
893 3317 1028 3416 magis,
1054 3316 1114 3388 cui
1209 3337 1219 3341 ’

173 3693 261 3770 )

179 3811 191 3888 )

149 3810 178 3887 (ι
212 3810 282 3866 Vid.
300 3827 390 3884 supra
402 3807 457 3866 ad
449 3808 589 3880 rmtrum
603 3827 634 3864 n.
653 3827 699 3884 19.

154 3925 201 4004 (3)
217 3925 296 3986 nist
309 3935 387 3982 anat.
402 3926 484 4013 hum.
479 3936 582 4004 .eorp.
595 3927 614 3982 l.
630 3925 667 3999 6,
686 3945 711 3982 e.
729 3942 764 3982 ι
