2726 4676
295 437 364 522 add
452 455 500 504 na
525 453 672 538 sumnus
696 457 740 506 rr
765 455 888 507 causis
912 457 1120 510 uoaroaorr

290 571 495 672 praesertim
514 571 566 658 si,
593 583 636 640 ut
655 570 693 642 in
710 573 902 669 proposita
918 571 1071 646 historia
1084 627 1095 664 ‚
1108 599 1279 674 magnos,

292 686 1278 786 etvibrantespulsusconsequatur,molestamautem

292 806 418 879 cordis
435 799 736 908 paipitationcm,
750 819 1016 904 stuporemque
1034 831 1078 879 ac
1090 810 1279 906 torporem

290 937 440 995 artuum
461 921 719 1017 superiorum,
747 935 784 992 et
801 937 960 996 mortem
985 923 1148 1022 denique
1164 927 1280 1025 ipsam

288 1039 465 1126 inducat,
480 1061 637 1135 eamque
658 1038 767 1108 etiarn
787 1063 874 1110 cum
895 1065 990 1138 aeger
1009 1041 1205 1138 paululum
1223 1067 1279 1114 re-

290 1169 437 1230 oreatus
449 1153 612 1243 videtur,
625 1178 721 1252 pene
734 1153 857 1226 subito
869 1157 1119 1254 ingruentem.
1137 1159 1278 1230 Scilicet

218 1363 220 1376 ,
290 1273 329 1346 id
350 1272 438 1344 alibi
464 1271 727 1346 admonuimus
744 1267 802 1370 (1)
830 1295 909 1346 esse
937 1273 1168 1364 timendum,
1198 1297 1278 1346 cum

290 1414 420 1491 graves
435 1391 588 1460 internae
598 1389 859 1462 convulsiones
875 1414 943 1488 per
951 1391 1145 1462 intervalla
1158 1415 1279 1464 recur·

289 1523 389 1582 runt.
412 1506 523 1598 Quod
550 1506 598 1578 ad
621 1531 738 1604 genus
756 1506 957 1604 descriptas
977 1505 1119 1579 doloris
1141 1533 1279 1581 exacer-

288 1625 460 1698 bationes
484 1621 698 1696 referendas
720 1624 990 1713 existimamus,
1013 1623 1061 1696 ab
1079 1649 1278 1697 nervorum

288 1743 330 1812 in
355 1740 509 1814 renibus
533 1755 635 1812 tanta
662 1741 868 1812 irritatione
895 1755 1127 1840 repetentes,
1151 1757 1193 1814 ut
1217 1763 1279 1849 per

289 1859 381 1932 alios
398 1857 591 1955 colligatos
607 1881 742 1930 nervos
758 1856 805 1929 ad
824 1857 903 1930 illas
923 1881 1016 1956 quas
1030 1857 1148 1929 modo
1165 1860 1278 1929 nomi·
1343 1889 1344 1934 t

289 1975 491 2064 nabamus,
509 1988 632 2072 partes
653 1989 876 2072 propagate,
903 1975 942 2046 in
963 1975 1118 2074 singulis
1140 2000 1184 2046 ea
1202 1997 1277 2072 qna
1343 1989 1344 2002 ¹

290 2092 471 2178 diximus,
488 2087 631 2162 efficiat.
648 2089 747 2162 Illud
762 2092 802 2162 in
823 2091 893 2163 hac
914 2091 1100 2188 singulare
1119 2107 1219 2181 erat,
1239 2103 1275 2162 ut

289 2205 538 2280 uentriculum
562 2213 675 2304 qu'em
701 2207 906 2306 pleraeque,
933 2210 989 2279 uti
1015 2205 1276 2282 comemoravi-

289 2347 391 2413 mus,
410 2337 545 2422 petunt
564 2348 585 2394 a
602 2322 756 2396 renibus
774 2321 966 2422 proiectae,
980 2347 1059 2396 nou
1078 2339 1118 2397 ut
1136 2327 1223 2414 illae,
1234 2321 1275 2398 ad

289 2439 521 2513 vomendum
548 2441 770 2529 concitaret,
803 2465 889 2514 cum
917 2465 997 2514 eam
1021 2457 1149 2514 tamen
1168 2445 1274 2542 ipsius

288 2573 434 2658 partem
455 2553 657 2632 saevissime
666 2573 861 2656 torqueret
886 2583 967 2655 quac
980 2559 1195 2633 scrobiculo
1207 2571 1274 2632 cor*¹

289 2673 347 2748 dis
360 2673 572 2773 respondet.
778 2769 780 2776 Ι

342 2792 396 2864 ι5.-
417 2791 643 2866 Adolescens
661 2815 780 2864 annos
798 2793 929 2892 viginti
947 2808 1272 2892 praetergressus,a

288 2911 402 3009 longo
416 2911 493 3006 jam
514 2909 738 3006 temporeiis
751 2910 879 2980 vesicae
895 2909 1114 2999 doloribus,
1132 2933 1273 3010 praescr

286 3030 458 3101 timeum
477 3027 681 3124 mingeret,
702 3025 958 3117 cruciabatur,
975 3043 1019 3098 ut
1041 3029 1120 3100 sine
1144 3029 1271 3126 ejulatu
1342 3031 1343 3098 i

286 3147 433 3252 urinam
452 3141 610 3217 reddere
628 3167 707 3213 nou
726 3160 860 3240 posset.
880 3144 1082 3216 Purulenta
1099 3145 1179 3219 haec
1192 3160 1270 3219 erat.

288 3265 529 3335 Accesserant
541 3261 695 3348 macies,
711 3257 847 3350 febris,
868 3277 905 3334 et
920 3239 1075 3360 reliqua·
1086 3263 1184 3334 mala
1200 3283 1271 3362 qua

286 3375 363 3450 fere
384 3381 511 3450 vesicae
534 3377 695 3476 lapidem
719 3379 962 3466 comitantur,
989 3393 1026 3450 et
1044 3379 1185 3475 quibus
1198 3396 1270 3452 tan-

287 3492 391 3582 dem,
410 3495 450 3564 in
469 3495 542 3567 hoc
561 3497 781 3568 nosocomio
792 3493 1041 3584 decumbens,
1059 3511 1147 3570 ante
1164 3496 1269 3568 finem
1340 3513 1342 3528 ⁴

286 3613 376 3682 anni
393 3617 482 3708 1742
498 3611 720 3710 absumptus
738 3627 802 3684 est.
822 3613 952 3684 Vesica
974 3635 1115 3702 crassa,
1133 3615 1268 3684 exulce-

357 3971 375 3988 ,0

323 3974 367 4059 (1)
386 3977 481 4058 Epist.
499 3982 658 4053 rom-13.
