2746 4674
145 425 210 472 m.
237 424 295 472 111.
323 423 370 472 DE
395 419 531 469 nonals
555 421 725 494 VERRIS,
750 421 862 469 EPIST·
888 423 961 470 xm.
1006 399 1075 496 189

81 535 182 610 luisse
210 537 266 634 (1)
288 561 367 607 non
387 537 631 632 ignoramus;
660 534 756 622 huc,
781 536 956 633 inquam,
979 535 1076 608 addc

79 656 188 726 multa
212 671 249 726 et
278 653 432 724 duriora
459 652 625 749 scybala,
652 667 714 722 aut
738 649 975 750 praetumidas
1001 653 1076 724 hae-

81 771 332 856 morrhoides‚
351 795 434 866 quar
449 769 549 840 idem
570 769 711 840 collum
732 769 777 839 ad
790 770 906 877 pubis
917 787 998 842 ossa
1011 797 1075 870 ap·

79 893 246 986 primunt,¹
258 887 353 958 adeo
366 901 407 958 ut
426 887 526 957 exire
540 885 636 956 nihil
654 889 779 984 possit.
792 885 849 957 Ad
862 886 929 959 has
946 891 1076 961 attinet
1100 929 1102 934 ·

82 1007 174 1103 quod
189 1005 420 1076 adolescenti
439 1003 531 1072 milri
549 1029 754 1100 personet,
775 1019 811 1075 et
830 1002 917 1076 lelix
934 1006 972 1076 in
992 1030 1076 1077 mea
1100 1003 1103 1010 ’

81 1125 190 1220 patria
204 1123 406 1219 chirurgus
424 1120 658 1193 asseverabat
672 1127 834 1192 loannes
846 1125 1074 1210 Ammonius,

81 1240 141 1310 ubi
160 1239 256 1334 circa
280 1241 393 1310 imam
409 1239 571 1310 vesicam
590 1235 694 1311 fibrae
712 1253 905 1335 stagnante
926 1242 1075 1337 sangui·
1157 1229 1164 1232 ”

82 1383 123 1429 ne
142 1373 203 1429 aut
222 1358 384 1428 humore
408 1371 581 1455 turgent,
608 1359 799 1455 egregium
826 1354 950 1428 afferri
971 1359 1094 1428 auxi·'

82 1475 167 1546 lium
185 1475 418 1573 sanguisugis
445 1473 491 1544 ad
520 1497 633 1545 venas
652 1473 732 1567 illas
751 1473 919 1546 admotis.
949 1477 1007 1546 Sic
1035 1477 1075 1547 in

83 1615 146 1662 avo
162 1593 225 1690 qui
246 1593 440 1662 etiamtum
460 1589 627 1675 vivebat,
642 1589 784 1661 'nobilis
798 1592 945 1686 meique
963 1594 1074 1663 etiam

84 1709 126 1780 ob
146 1709 412 1780 humaniorum
431 1709 641 1781 litterarum
660 1708 845 1796 studium,
863 1709 1076 1782 amicissimi

82 1828 144 1896 viri
159 1829 255 1899 Petri
274 1825 544 1912 Scanelli‚cum
564 1851 633 1924 per
652 1825 880 1896 catheterem
896 1828 1075 1924 nonagies

84 1945 281 2017 immissum
309 1943 456 2016 urinam
478 1945 557 2042 ipse
588 1943 748 2016 educere
769 1941 977 2032 debuisset,
1009 1943 1076 2038 illo

85 2061 223 2133 demum
237 2062 426 2150 remedio,
442 2077 526 2160 post
538 2075 595 2132 tot
611 2060 681 2132 alia
697 2063 884 2132 incassum
898 2060 1075 2132 adminis-

85 2193 188 2265 trata,
203 2178 389 2251 sublatam
406 2203 483 2251 esse
497 2179 832 2278 pertinacissimam
850 2180 1076 2276 suppressio·

84 2321 171 2369 nem.
192 2301 248 2368 De
271 2295 428 2396 scybalis
442 2357 445 2364 .
460 2311 585 2368 autem
611 2297 804 2368 notissima
833 2311 887 2368 est
911 2295 1076 2394 Wepferi
1186 2286 1201 2316 '¹

85 2414 283 2488 observatio
299 2414 373 2511 (a),
392 2413 440 2484 ad
467 2438 601 2511 quam,
625 2413 664 2482 in
688 2414 891 2484 sectionem
919 2438 1073 2511 quoque

84 2528 169 2604 hanc
183 2531 419 2631 Sepulchreti
435 2531 590 2604 relata'm
602 2531 673 2628 (3),
693 2531 757 2602 sed
779 2557 856 2601 non
875 2531 1017 2629 absque
1031 2533 1074 2604 iis

87 2673 275 2746 operarum
294 2648 488 2722 erroribus
501 2651 567 2747 qui
583 2649 741 2746 intelligi
756 2673 833 2718 non
854 2650 1000 2737 sinunt,
1018 2649 1076 2721 ad-

83 2763 227 2865 jungere
246 2767 399 2838 alteram
416 2781 522 2862 potes
546 2790 629 2863 quae
644 2767 681 2835 in
695 2757 970 2837 ¹additamentis
986 2765 1075 2863 legi·

85 2895 137 2952 tur
155 2882 200 2954 ad
225 2884 436 2981 proximam
465 2884 669 2955 sectionem
682 2885 787 2973 „xxv
805 2883 868 2978 (4).
889 2881 1075 2953 Enmdem

86 2995 215 3072 felicem
247 3001 386 3072 exitum
414 3024 528 3097 quern
554 3001 675 3098 prima
697 3023 718 3068 a
750 2998 906 3096 clystere
933 2995 1073 3094 injecto

84 3119 275 3215 proponit,
293 3125 382 3188 c‘um·
407 3115 495 3189 alibi
518 3117 668 3215 plures,
692 3131 772 3188 tum
801 3115 862 3186 hic
888 3117 1074 3214 praecipue

84 3234 248 3308 aebraeus
264 3250 438 3334 expertus
453 3249 527 3324 est,
548 3236 608 3307 cui
631 3233 733 3306 nulla
748 3234 818 3305 alia
837 3234 969 3308 auxilia
989 3259 1077 3332 pro·

118 3569 128 3640 l
132 3571 158 3648 1)
177 3571 246 3629 Vid.
260 3571 373 3628 Holfrn.
389 3571 494 3630 medic.
511 3583 568 3630 rat.
583 3583 655 3628 tom.
670 3576 702 3639 4,
715 3591 747 3646 p.
762 3591 798 3642 a,
812 3592 835 3630 s.
849 3591 865 3628 a
874 3615 883 3644 ,
897 3594 922 3630 c.
937 3593 952 3643 7
967 3573 1076 3648 inipso

750 3927 760 3978 l
