2746 4674
113 441 172 489 tm.
195 441 248 488 111.
277 443 325 488 nr
352 423 672 505 circumstantum,
697 441 809 518 crrsr.
837 445 957 502 xxxrx.
990 445 1066 492 rot.

74 552 1059 652 danofactacommemorationc(1)‚·quamipsialteram

73 698 137 744 csse
155 673 455 745 observationem
471 671 722 743 crediderunt.
738 673 797 742 Sic
816 697 971 770 quoque
987 699 1058 772 pro

73 781 414 862 commemoratione
441 787 558 862 habui
580 788 685 862 editas
718 788 808 894 olim
828 789 1058 862 observatio·

73 908 118 978 nis
131 906 181 1004 (2)
199 904 529 1004 quodRuyscbius
546 907 672 1004 posuit
688 907 728 978 in
744 906 975 979 adversariis
991 907 1068 1004 (3):.

73 1048 178 1120 neque
198 1025 299 1096 enim
324 1024 463 1094 mirum
481 1022 511 1094 si
526 1047 710 1120 personet
736 1023 907 1121 quaedam
927 1025 965 1098 in
986 1024 1065 1100 hac,

74 1141 418 1240 commemoratione⁸
442 1140 653 1236 scripserit,
686 1165 881 1238 quaecum
909 1130 1056 1240 scriptis

74 1258 203 1354 triginta
216 1257 326 1330 annis
338 1271 423 1328 ante
438 1281 518 1328 non
535 1281 691 1354 prorsus
709 1273 932 1356 congruant,
943 1283 1062 1356 quan«

75 1373 109 1444 do
122 1401 186 1448 nec
203 1375 268 1447 itta
285 1399 368 1472 quae
385 1389 466 1450 tum
483 1375 702 1472 scripserat,
724 1377 856 1474 viginti
877 1377 1058 1450 nimirum
1146 1423 1149 1430 ·

74 1493 159 1564 annis
177 1506 379 1588 postquam
392 1489 669 1580 observaverat,
692 1495 779 1566 satis
802 1518 888 1564 cum
906 1493 950 1564 iis
968 1519 1056 1567 con·

74 1611 298 1706 veniuntquae
307 1623 449 1706 septem
458 1607 561 1683 haud
570 1607 729 1705 amplius
739 1614 846 1682 annis
857 1610 1054 1706 posthabi-

74 1725 240 1798 omittam
255 1725 555 1798 observationem
571 1724 725 1800 tradidit
741 1727 882 1798 Blasius
894 1725 970 1821 (4),
987 1729 1055 1822 qui

76 1856 121 1914 ota
131 1843 492 1916 muliereconsultus
508 1841 646 1931 fuerat,
662 1859 699 1916 et
717 1840 823 1918 attuit
837 1843 1055 1920 dissectioni

75 1983 163 2054 quam
186 1960 234 2034 ab
260 1960 448 2058 Ruysobio
472 1975 661 2058 peractam
682 1958 913 2034 ‘dicitlanno
943 1960 1052 2058 1670,

77 2075 116 2148 die
135 2083 184 2168 24
204 2079 378 2175 januarii.
402 2079 469 2150 Hic
495 2103 585 2162 vero
605 2103 692 2149 cum
718 2103 860 2150 annum
879 2077 1053 2154 eumdem

77 2212 185 2290 ponat,
206 2211 357 2293 tempus
386 2219 545 2293 quoque
565 2195 655 2268 anni
678 2197 764 2268 satis
782 2195 943 2285 indicat,
969 2222 1055 2268 cum

79 2316 221 2390 camdem
249 2317 349 2390 hanc
384 2343 509 2406 suam,
539 2318 613 2403 ait,
641 2317 829 2388 recenseri
859 2317 1056 2391 historiam

79 2434 190 2508 Docad.
219 2439 290 2522 ΙΙΙ,
313 2437 388 2508 obs.
416 2441 440 2522 4
464 2436 560 2508 tosti
581 2433 800 2522 Schraderi‚
827 2435 894 2530 qui
922 2433 976 2506 ibi
1005 2433 1053 2504 ab

79 2549 240 2647 Ruyscbio
257 2578 344 2624 ano.
372 2551 482 2650 1670,
496 2551 557 2624 die
576 2553 616 2624 31
643 2565 751 2622 mort.
770 2550 841 2622 sibi
858 2566 1053 2626 narratum

80 2669 199 2756 scribit,
217 2676 342 2767 nuper
355 2669 403 2744 ab
421 2693 459 2742 se
477 2681 558 2744 eain
579 2693 658 2742 esse
675 2667 841 2740 habitam
863 2667 1056 2742 dissectio«

80 2804 152 2856 nem.
177 2786 295 2877 Quod
317 2788 347 2860 si
365 2785 584 2882 hujusmodi
600 2785 812 2859 observatio
834 2810 879 2856 ex
898 2786 942 2856 iis
957 2799 1053 2856 esset

83 2923 141 2993 qua
149 2902 205 2982 bis
223 2905 321 2978 intra
343 2903 440 2976 duos
459 2926 606 2976 menses
631 2903 699 2975 uni
718 2902 929 2974 anatomico
946 2899 1055 2972 facile

84 3036 205 3110 possent
233 3045 455 3109 occurrere3
479 3019 674 3118 quomodo
700 3020 799 3094 inter
823 3019 988 3094 rariores.
1005 3017 1058 3090 ab

85 3134 243 3232 Royschio
260 3136 315 3235 (5)
342 3136 470 3212 fuisset
488 3139 637 3236 posita?
662 3141 708 3212 At
728 3135 829 3208 enim
855 3151 987 3232 quater
1015 3135 1057 3213 iet

86 3250 152 3326 vidit
164 3256 340 3332 Riolanus
362 3255 438 3352 (6);
465 3258 520 3328 bis
539 3271 684 3373 autem,
702 3269 744 3326 ut
762 3253 840 3324 haec
857 3275 1059 3330 recensens

168 3581 375 3656 Citsupraad
391 3601 422 3636 n.
443 3581 489 3646 43,
532 3599 534 3604 ·
655 3613 657 3618 ·

169 3680 230 3736 Dec.
251 3697 288 3750 o,
307 3701 337 3735 n.
355 3699 383 3755 9.
589 3659 592 3670 .

171 3779 219 3835 Cit.
232 3799 322 3864 supra
334 3781 372 3837 ad
387 3801 416 3836 a.
438 3782 485 3845 [13.

174 3879 234 3935 Vid.
252 3899 360 3955 supra,
375 3897 404 3936 n.
422 3882 469 3948 43,

126 3967 157 4054 (6)
174 3977 277 4052 Supra,
299 4000 332 4044 u..
346 3986 396 4055 44«
434 4070 444 4082 „
