2726 4676
1353 357 1354 390 l

323 443 396 514 286
489 469 535 512 nn
561 465 707 513 snomus
733 467 776 511 nr
802 465 925 512 carrsrs
952 465 1162 513 nonnonun

375 607 431 677 27.
452 581 577 652 Nolim
595 601 690 676 tegre
704 577 800 650 seras
817 592 874 650 tot
887 579 1021 650 additis
1034 575 1059 649 ‘a
1073 601 1133 650 me
1151 579 1321 677 exemplis

320 698 412 768 illud
425 689 691 768 confirmatum
702 695 821 766 videri
832 697 935 793 quod
946 696 992 767 ab
1007 697 1204 768 nonnullis
1215 699 1322 794 scrip*
1353 745 1354 806 1

320 831 400 886 tum
416 829 491 899 est,
522 811 678 884 feminas
698 813 837 910 quibus
857 813 935 885 haec
956 813 1152 900 accidunt,
1181 813 1319 912 pleros·
1353 811 1354 882 l

321 957 393 1030 que
409 958 484 1003 esse
500 930 628 1002 Italas.
648 933 799 1003 Utinam
818 947 1002 1002 nostrates
1020 955 1153 1003 omnes
1167 933 1317 1015 scirent,
1353 925 1354 1008 l

320 1051 416 1147 quot
436 1075 480 1121 ex
492 1051 581 1145 ipsis
600 1048 671 1116 hac
689 1051 832 1118 ratione
848 1073 917 1146 per
934 1050 1172 1146 gravissimos
1189 1051 1319 1120 erucia-
1353 1013 1354 1060 t

320 1183 382 1238 tus
412 1179 497 1236 ante
529 1165 628 1236 diem
659 1163 863 1263 absumptae
888 1165 971 1236 sint.
997 1167 1140 1238 Verum
1164 1181 1316 1264 agrestes

323 1283 523 1381 plebeiaeve
546 1281 695 1380 puellae,
721 1281 767 1352 ab
786 1297 889 1354 :etate
916 1305 1069 1382 quoque
1093 1283 1174 1384 ipsa
1194 1283 1314 1362 rudes.

323 1401 402 1471 haeo
435 1387 499 1498 qui
530 1402 624 1471 scire
645 1402 823 1497 possint?
844 1402 921 1472 Nec
949 1415 1074 1472 tamen
1100 1399 1316 1473 reticendae

322 1518 434 1592 nobis
449 1518 619 1614 exempla
641 1532 747 1604 suut,
765 1532 806 1588 ut
825 1517 872 1588 ab
889 1517 1025 1588 horum
1040 1515 1254 1616 frequentia
1265 1517 1315 1588 ad-

321 1637 457 1706 moniti
473 1637 617 1734 possint
633 1633 768 1705 medici
781 1637 810 1706 si
828 1660 902 1732 qua
916 1633 1010 1706 sorte
1024 1635 1173 1706 illarum
1193 1637 1240 1708 de
1252 1635 1315 1705 uri·

322 1779 379 1826 nae
405 1733 624 1823 difficultate
636 1753 751 1848 ¹queri
770 1751 942 1850 incipiat,
964 1753 1179 1850 diligentius
1203 1753 1314 1822 omnia

323 1871 531 1966 inquirere,
553 1881 588 1938 et
604 1883 710 1938 cauta
725 1867 946 1940 dexteritate
957 1893 1085 1940 verum
1099 1871 1311 1968 exprimere,

324 1987 414 2057 dum
434 1986 521 2056 licet
539 1985 662 2055 adhuc
682 1986 860 2055 auxilium
879 1983 986 2060 ferre.
1007 1992 1191 2058 Caeterum
1204 2008 1312 2083 neque

325 2103 502 2175 omnihus
530 2103 642 2181 Italiae
666 2103 854 2199 partibus,
875 2125 945 2173 nec
972 2119 1072 2201 certe
1100 2101 1311 2202 quibusdam

323 2245 369 2291 ex
385 2223 429 2291 iis
447 2221 514 2291 ubi
527 2223 605 2320 ipse
617 2244 686 2291 nec
699 2219 808 2291 brevi
822 2235 992 2318 tempore
1012 2219 1089 2309 fui,
1110 2219 1309 2294 communia

324 2339 403 2410 haec
419 2353 522 2423 sunt,
544 2361 668 2435 neque
689 2325 848 2408 externae
868 2363 1000 2410 omnes
1025 2341 1200 2436 regiones
1231 2339 1310 2434 ejus·

324 2453 516 2525 demmodi
530 2469 665 2527 carent¹
678 2454 876 2551 exemplis,
898 2478 980 2552 quae
997 2457 1153 2528 minime
1176 2475 1308 2526 necesse

324 2587 380 2646 est
411 2571 473 2642 hie
498 2597 517 2643 a
545 2595 604 2642 me
631 2545 759 2642 odiosa
794 2571 987 2644 sedulitate
1018 2567 1307 2644 commemorari:

323 2692 404 2777 alia,
417 2693 447 2760 si
462 2693 608 2786 quaeris,
620 2715 663 2760 ex
676 2689 949 2786 Vallisneriiffl,
960 2691 1028 2764 alia
1040 2688 1307 2783 exPlatneri(aJ,

323 2810 392 2880 alia
418 2809 581 2904 denique
607 2833 650 2878 ex
673 2808 832 2877 aliorum
851 2807 1011 2880 lectione
1028 2809 1225 2906 intelliges.
1247 2809 1306 2876 Nee

322 2927 457 2998 dubito
472 2928 565 3022 quin
587 2925 694 3023 plura
712 2939 919 3011 exstarent,
938 2928 968 2996 si
986 2941 1041 2997 tot
1055 2926 1201 3024 ubique
1220 2921 1308 2998 cada·

321 3069 409 3114 vera
424 3058 519 3140 quot
530 3045 569 3112 in
581 3043 686 3112 Italia
702 3057 928 3129 secarentur,
939 3059 1002 3115 aut
1017 3045 1089 3115 nisi
1100 3041 1304 3116 feminarum

321 3162 522 3264 plerasque
543 3160 668 3257 pudor
689 3175 840 3257 cogeret
867 3185 993 3231 veram
1023 3161 1149 3232 morbi
1180 3178 1304 3234 causam

323 3279 569 3361 dissimulare.
592 3278 679 3348 Alite
694 3281 818 3364 enim,
835 3275 938 3375 quod
953 3279 1011 3349 vel
1028 3275 1127 3350 inter
1145 3289 1306 3352 nostrates

322 3399 459 3471 rustica
482 3395 607 3493 puella
630 3395 769 3466 lactura
789 3411 886 3484 erat,
905 3396 982 3492 (3),
1001 3412 1038 3467 et
1052 3397 1205 3495 aliquae,
1220 3409 1255 3466 ut
1266 3402 1305 3461 est

331 3603 1306 3638 .....-.-....-..-....-....-....-......„-·

378 3802 389 3836 r
427 3779 499 3836 Obs.
515 3796 605 3850 supra
616 3745 658 3834 ad
672 3798 703 3834 n.
719 3797 755 3852 19
768 3777 817 3834 rit.

359 3779 405 3967 ia)
427 3891 512 3963 Disp.
525 3889 562 3944 de
579 3892 650 3946 calc.
664 3892 702 3946 ad
714 3891 803 3947 vesic.
818 3889 927 3946 adhaer.
942 3895 958 3960 §
971 3905 1023 3960 ro,
1038 3900 1101 3944 not.
1113 3914 1132 3949 s
1142 3901 1200 3972 etp,

362 4007 405 4075 (3l
427 4007 465 4062 Ν.
489 4023 536 4060 ao.

395 4065 403 4081 Ι
