2746 4674
160 480 229 528 mu.
255 478 312 526 111.
340 477 388 524 DE
413 476 549 524 HORBIS
572 477 742 538 vaurms,
767 479 879 527 urtsr.
907 483 964 528 XL.
998 483 1059 530 121

113 598 165 666 Ex
180 593 241 665 his
256 617 337 690 quae
351 589 554 662 dictasunt
569 589 711 688 aliquid
728 591 896 662 utilitatis
910 597 1066 668 existere

71 735 172 809 posse
181 709 304 796 vides,
317 733 404 780 cum
420 707 557 780 renalis
567 705 775 778 affectionis
792 708 902 780 dubia
916 726 957 781 ut
970 737 1065 808 sape

72 829 169 925 sigua
186 849 226 898 se
244 824 423 930 produnt.
444 825 601 916 Sijenim
618 824 664 894 ad
680 824 741 894 illa
756 823 830 894 hoc
842 825 1008 914 accedit,
1026 841 1067 898 ut

74 945 140 1016 sint
155 967 177 1014 a
194 943 366 1030 sinistris,
378 940 626 1040 paulominus
643 940 757 1013 dubia
773 939 884 1032 fient,
904 969 1016 1042 quam
1037 945 1068 1017 si

75 1075 224 1134 essenta
243 1059 393 1130 dextris.
423 1073 425 1077 '

120 1185 171 1268 14.
185 1182 306 1250 Porro
318 1173 715 1273 msuchius(1),cum
729 1175 969 1250 iuBonifacio
979 1181 1070 1250 Cor-

76 1321 142 1368 ueo
157 1319 290 1367 renem
302 1293 463 1366 alterum
479 1289 696 1364 offendisset
711 1295 970 1392 magnitudine
988 1319 1070 1392 par-

75 1439 150 1484 vam
169 1426 383 1486 castaneam
413 1412 476 1480 vix
501 1426 736 1508 aequantem,
764 1412 923 1484 alterum
943 1428 1069 1485 autem

22 1533 24 1540 ’
76 1553 268 1630 maguum
288 1527 354 1601 sed
373 1527 479 1599 illum
496 1527 646 1615 sanum,
664 1527 768 1600 hunc
785 1545 932 1626 putrem
951 1532 1071 1604 calcu·

76 1648 208 1746 lisque,
227 1671 270 1720 ac
290 1647 435 1719 saniosa
456 1646 609 1716 materia
628 1646 844 1748 turgidum,
866 1651 1012 1721 censuit
1025 1652 1070 1721 il-

77 1764 141 1838 lius
149 1767 371 1864 parvitatem
382 1764 572 1862 sauguinis
589 1765 755 1861 penuriae
770 1763 915 1853 deberi;
929 1767 1071 1866 quippe

80 1883 178 1981 copia
194 1883 277 1978 ejus
293 1882 454 1954 maxima
466 1882 512 1952 iu
522 1880 681 1953 alterum
693 1880 905 1954 confluente
920 1907 998 1980 quo
1018 1885 1072 1957 vis

81 1999 194 2072 morbi
213 2025 258 2071 ac
283 1999 456 2072 stimulus
483 1999 704 2072 concitabat.
728 2002 766 2070 Si
789 2025 918 2072 revera
935 2025 1073 2098 parvus

83 2131 303 2206 sanuserat,
323 2140 447 2215 neque
467 2117 548 2214 ejus
568 2118 750 2216 exiguitas
768 2133 938 2190 veterum
956 2117 1075 2191 laesio-

83 2259 164 2306 num
179 2234 337 2332 vestigia
354 2233 569 2324 occulebat,
586 2259 666 2306 non
681 2251 735 2307 est
746 2235 958 2306 mirandum
970 2236 1075 2334 quod

83 2353 131 2422 vir
157 2373 326 2426 summus
345 2350 405 2422 :ad
437 2376 518 2422 eam
552 2350 756 2450 confugere
788 2353 1076 2451 explicationem

84 2483 224 2542 coactus
251 2469 309 2540 sit.
339 2468 429 2559 Aliis
448 2494 539 2542 vero
557 2469 623 2540 ubi
642 2495 710 2542 ren
735 2471 862 2541 minor
877 2471 1076 2546 morbidus

85 2602 149 2674 est,
167 2586 358 2660 contraria
377 2587 501 2686 placet
526 2587 745 2685 explicati0,
766 2590 822 2660 uti
846 2603 882 2660 et
902 2586 1014 2662 nobis
1037 2591 1078 2660 in
1136 2653 1141 2659 .

84 2705 269 2803 proposita
289 2702 814 2792 muliere·.1tenecontr'acto‚
833 2706 914 2802 ejus
926 2729 1079 2804 quoque

84 2845 180 2910 vasa,
207 2835 253 2894 ut
279 2819 442 2892 vidimus
467 2822 507 2892 in
536 2821 619 2910 illa,
648 2822 935 2894 contrahuntur.
967 2821 1080 2912 Quod

85 2938 189 3034 igitur
217 2938 411 3038 sanguinis
431 2939 573 3010 inzeum
585 2940 662 3034 jam
678 2936 768 3010 ferri
784 2963 862 3010 nou
876 2953 1020 3044 potest,
1040 2939 1083 3043 in

86 3055 237 3130 alterum
255 3079 324 3154 per
341 3058 553 3154 oppositam
568 3057 742 3128 arteriam
753 3056 925 3145 divertit,
944 3058 1085 3156 ipsum-

87 3171 267 3266 distendit.
286 3172 545 3245 Credoautem
560 3187 597 3246 et
609 3175 906 3248 contractionem
919 3173 1083 3265 alterius,

88 3292 234 3390 ejusque
255 3315 432 3362 vasorum
452 3289 603 3380 alterius
621 3316 711 3364 vero
735 3291 1003 3364 distentionem
1025 3287 1119 3363 in'-st

90 3407 229 3479 terdum
256 3431 366 3504 posse
385 3403 480 3478 adeo
501 3408 650 3505 augeri,
676 3423 719 3480 ut
737 3407 800 3478 hic
825 3409 1029 3480 immanem
1045 3409 1086 3476 in

92 3525 219 3596 molem
233 3537 443 3612 excrescat,
460 3523 621 3594 illevero
634 3550 830 3622 uunquam
844 3523 957 3598 fuisse
967 3523 1088 3594 videri

95 3643 208 3734 possit.
237 3641 386 3712 Scilicet
407 3664 541 3730 sanus,
565 3643 595 3712 si
614 3641 746 3714 firmus
773 3646 839 3734 sit,
861 3667 940 3715 non
972 3641 1089 3738 magis
1174 3714 1176 3718 .

390 3861 394 3890 ,
513 3861 517 3870 s
690 3861 693 3869 ,

130 4021 167 4102 (1)
188 4027 266 4085 Sect.
282 4021 341 4082 hac
353 4042 407 4098 aa,
423 4025 487 4088 obs.
505 4026 551 4082 16,
