2746 4674
147 419 212 467 ΗΒ.
239 418 298 464 111.
325 417 372 464 DE
397 413 534 462 uonnls
558 412 726 476 VENTRIS,
751 414 863 462 aplsr.
892 417 963 462 xm.
1008 409 1069 492 191

83 530 430 604 tamadistentione
453 528 529 598 vim
556 553 630 624 qua
657 527 778 600 vesica
802 552 841 600 se
867 531 1075 623 contrahit,

83 673 154 720 esse
176 625 476 745 concipiendam.
507 643 680 716 Ostendit
703 644 794 730 hoc,
819 661 861 716 ut
888 634 958 718 alia
984 675 1077 746 prae-

82 781 234 852 teroem,
249 765 387 836 canisa
405 761 634 836 Boerhaavio
651 763 706 858 (1)
722 761 922 850 dissectus,
941 767 978 836 in
993 791 1075 862 quc

82 883 143 954 etsi
162 883 273 952 urina
303 880 472 962 triduum
485 879 561 974 jam
581 894 724 950 retenta
749 880 964 976 plenissima
981 899 1077 960 esseut

81 1000 214 1083 vesica,
233 998 306 1070 hac
324 1013 448 1100 tamen
466 998 601 1095 exiguo
619 996 773 1068 vulnere
791 1015 960 1095 pertusa,
977 1006 1076 1070 exsi-

82 1115 132 1188 liit
150 1123 262 1188 arina
279 1114 335 1186 ad
347 1140 523 1210 magnam
542 1113 801 1186 altitudinem:
822 1132 858 1186 et
877 1123 1002 1188 vesica
1019 1123 1074 1188 ita
1125 1185 1128 1194 ,

83 1249 267 1316 contracta
286 1249 356 1319 est,
376 1247 418 1307 at
428 1257 526 1329 pene
540 1229 647 1302 nalla
660 1237 797 1304 cavitas
812 1252 1022 1330 superesset.

126 1355 348 1422 insumet
370 1349 448 1420 atiae
464 1349 684 1446 complures
706 1375 824 1422 ceusae
849 1377 931 1447 qnae
955 1370 996 1424 ut
1017 1355 1076 1426 lo-

80 1469 163 1544 tium
188 1483 351 1566 ,possunt
368 1469 407 1538 in
425 1468 547 1540 vesica
576 1467 757 1554 retinere,
785 1468 834 1538 ita
865 1493 948 1557 eos,
978 1496 1075 1568 qnos
1145 1483 1148 1488 “

82 1584 166 1674 dixi,
180 1586 350 1684 aliosque
370 1583 580 1683 prohibent
597 1584 786 1668 stimulos,
805 1600 950 1682 utputa
970 1589 1075 1686 quod

82 1701 268 1776 domestici
287 1702 445 1788 remedii
462 1702 548 1799 loco
557 1700 660 1798 apud
673 1698 856 1798 q'uosdam
876 1727 955 1776 esse
976 1708 1075 1798 scio,

83 1835 119 1892 ut
135 1820 309 1909 laterem,
323 1818 463 1918 frigidae
478 1833 587 1890 antea
599 1819 839 1906 immersum,
859 1820 995 1916 plantis
1008 1848 1075 1921 op-

85 1955 220 2036 ponant
245 1940 413 2036 mingere
433 1963 511 2010 non
532 1938 717 2036 potentis:
735 1963 831 2034 quos
849 1937 947 2010 felici
964 1941 1076 2014 auda»

83 2056 129 2128 cia
141 2057 397 2144 imitatusest,
417 2079 503 2128 cum
519 2057 649 2151 junior
667 2056 968 2152 esset‚1pedicus
985 2061 1076 2130 ami-

82 2195 138 2244 cus
159 2199 267 2246 meus
289 2175 404 2272 glacie
424 2175 505 2271 ipsa
525 2173 684 2271 pedibus
704 2173 894 2272 paulisper
913 2175 1074 2248 admota.

83 2291 158 2380 Quae
169 2291 426 2389 utaliquando
440 2290 753 2365 hebetemvesicae
773 2293 847 2362 vim
864 2318 932 2390 per
949 2297 1072 2366 stimu-

82 2405 163 2482 latos
189 2409 396 2482 cruralium
425 2433 629 2481 nervorum
651 2405 746 2480 fines
769 2412 961 2505 potuerint
980 2414 1074 2486 exci-

82 2537 169 2617 tare3
189 2527 364 2624 intelligis
382 2542 481 2600 certe
499 2552 613 2624 quam
628 2527 740 2598 noxia
751 2551 829 2600 esse
842 2530 1072 2603 irritamenta

83 2645 230 2737 possint,
250 2644 317 2716 ubi
338 2644 385 2716 ab
400 2645 606 2716 acrimonia
625 2646 742 2714 urinae
763 2646 945 2743 inceperit
958 2647 1072 2742 hujus

83 2753 232 2836 retent-ic
242 2815 253 2850 ‚
272 2777 335 2834 snt
348 2760 414 2834 ubi
433 2761 643 2838 secundum
657 2762 886 2834 solertissimi
900 2764 1074 2861 Putatip)

86 2879 324 2974 conjecturas,
343 2895 379 2950 et
403 2872 712 2978 experientissimi
737 2882 913 2950 Benevoli
931 2881 984 2978 (3)
1005 2882 1073 2952 ob-

85 2998 321 3085 servationes,
350 2997 454 3094 quod
478 2997 617 3068 nudata
646 2999 691 3067 sit
718 2998 838 3068 vesica
869 3023 980 3069 muco
1006 3001 1073 3071 illo

86 3133 152 3205 quo
168 3115 345 3187 adversus
373 3117 511 3186 nimios
537 3117 655 3186 urinae
681 3113 853 3185 stimulos
877 3115 981 3187 linita
1005 3133 1069 3190 est.

85 3227 186 3319 Sileo‚
206 3255 294 3302 cum
315 3233 394 3330 ipsa
416 3234 455 3302 in
476 3249 641 3304 scrotum
674 3233 855 3330 procidit,
876 3233 944 3304 etsi
970 3234 1073 3306 huno
1166 3285 1169 3294 ,

85 3366 197 3418 rasum
230 3375 276 3420 ex
304 3375 519 3447 quotmeus
553 3349 598 3420 ad
627 3374 687 3420 me
716 3351 862 3447 scripsit
891 3356 1074 3452 Georgius

85 3462 207 3564 Georgi
220 3466 389 3538 medicus
401 3493 503 3539 nunc
517 3468 617 3566 apud
635 3469 873 3544 Pisaurenses
885 3474 1074 3569 spectatis·

896 3653 1070 3668 ιιι-ια*-

120 3758 160 3840 (ι)
177 3747 311 3822 ersten?
327 3768 366 3824 ar
379 3767 474 3825 insin.
488 3773 503 3840 ς
518 3769 585 3825 366.

120 3857 159 3934 (a)
177 3865 245 3920 Dec.
259 3865 323 3920 obs.
341 3868 372 3937 3,
389 3887 418 3923 n.
434 3867 462 3925 5.

121 3955 159 4036 (3)
175 3962 292 4020 Dissert.
307 3983 335 4022 α.
