2814 4674
878 323 889 366 ι

308 395 357 484 46
476 417 523 464 uu
549 413 694 462 stemus
720 413 764 458 ss
789 408 913 460 musis
939 413 1148 460 nonnosum

310 555 406 604 verte
418 528 517 602 sedis
531 543 725 598 tumorum
735 525 1035 605 intemoscendae
1045 527 1084 598 in
1094 526 1327 623 hujusmodi

310 645 535 748 pinguibus,
552 644 702 741 amplis,
722 659 759 716 et
777 645 1041 719 intestinorum
1051 645 1236 716 cruciatui
1246 645 1325 717 ob·

312 764 435 836 noxiis
459 763 664 834 ventribus.
687 763 779 834 Nam
800 778 1050 860 praeterquam
1072 761 1179 860 quod
1198 761 1327 833 multa

237 959 239 965 ,
314 884 416 958 inter·
429 905 584 952 manum
603 894 641 951 et
661 875 804 950 'viscera
823 880 1018 975 interjecta
1035 879 1229 978 pinguedo
1252 878 1329 950 ob-

247 1073 250 1082 ,
316 1015 387 1072 stat
403 998 672 1096 explorationi,
687 998 816 1068 esseio
829 995 888 1069 his
901 997 1097 1070 ventiibus
1114 997 1217 1068 haud
1230 1022 1327 1068 raro

313 1119 457 1190 viscera
476 1132 512 1191 et
532 1117 710 1188 intestina
725 1116 929 1212 presertim
945 1114 1090 1212 aliqua,
1113 1129 1217 1186 extra
1233 1139 1326 1187 suas

314 1234 422 1308 sedes
453 1248 613 1306 retracta
643 1247 709 1303 aut
740 1231 949 1329 compulsu·
971 1231 1043 1304 Sed
1067 1245 1110 1303 ut
1137 1255 1217 1303 non
1241 1257 1327 1306 uua

316 1377 395 1424 esse
411 1365 537 1449 posset
554 1349 696 1420 doloris
709 1347 846 1435 .sedes;
867 1349 919 1420 sic
940 1363 976 1422 et
994 1349 1325 1420 contumacissimi

314 1470 478 1544 uomitus
489 1469 609 1538 varius
619 1490 701 1540 esse
713 1489 822 1564 posse
839 1489 977 1538 causas.
991 1469 1069 1538 Nec
1087 1491 1147 1538 me
1161 1467 1324 1564 quidem

315 1585 466 1686 fugere,
486 1612 531 1658 ex
551 1586 635 1683 ipso
654 1585 778 1682 pyloti
801 1585 943 1656 annulo
963 1583 1155 1656 interdum
1173 1609 1324 1689 exeres-

315 1707 479 1778 centiam
503 1701 706 1800 quamdam
734 1725 772 1774 se
794 1701 985 1792 attollere,
1007 1702 1156 1800 qualem
1178 1717 1217 1773 et
1236 1704 1321 1800 ipse

315 1846 592 1918 nonnunquam
609 1820 803 1908 vidissem,
828 1845 912 1918 quse
929 1821 966 1892 si
987 1821 1073 1892 satis
1097 1845 1233 1918 magua
1254 1823 1322 1909 sit,

316 1957 360 2012 ut
388 1941 427 2019 in
455 1938 604 2010 medico
637 1937 767 2010 amicis
798 1953 893 2008 noto
916 1939 1097 2010 steatomu¹
1122 1937 1323 2035 quoddam

317 2056 408 2147 fiiis,
424 2056 609 2128 elimentis
623 2055 821 2127 transitum
843 2055 1068 2128 intercludat
1082 2056 1172 2131 :sed
1190 2069 1323 2129 tamen

317 2200 397 2276 ngn
413 2155 588 2270 ignorare
602 2187 658 2243 tot
673 2173 713 2242 iu
726 2197 772 2244 eo
787 2173 873 2244 loco
891 2162 955 2244 sut
965 2197 1084 2270 prope
1093 2197 1181 2244 eum
1191 2173 1323 2244 locum

318 2293 521 2364 tunfflntus.
534 2277 628 2362 tum'
638 2305 743 2362 extra
755 2315 838 2363 esse
853 2315 962 2389 posse
980 2315 1109 2367 causas
1120 2290 1221 2362 idem
1237 2289 1323 2362 effi-

260 2459 263 2465 =
318 2412 476 2498 cientes,
497 2425 540 2480 ut
563 2411 593 2480 si
619 2409 679 2480 uel
702 2393 839 2482 multas
864 2433 1155 2497 enumeremus,
1188 2421 1323 2484 teram

318 2527 472 2600 fortasse
495 2551 574 2598 non
598 2551 853 2624 assequamur.
877 2527 1047 2626 Exempli
1066 2529 1169 2599 enim
1187 2529 1324 2626 gmtie,

319 2645 423 2718 duris
435 2645 607 2741 undique
623 2646 724 2716 eirca
741 2669 829 2715 eum
848 2645 975 2721 locum
993 2661 1036 2718 et
1062 2646 1193 2718 crassis
1213 2639 1324 2718 luetis

317 2763 518 2836 ventriculi
538 2764 693 2850 tunicis,
720 2764 819 2833 vium
848 2765 1102 2862 augustiorem
1120 2762 1224 2852 fieri,
1249 2763 1320 2834 ali-

317 2897 445 2954 menta
457 2905 535 2952 nou
550 2859 733 2978 propelli,
753 2881 864 2977 quale
884 2906 1002 2980 genus
1019 2883 1100 2954 visti
1113 2879 1321 2953 fuissetPa-

317 3001 407 3070 tavii
423 2999 462 3068 iu
478 2985 546 3094 pio
569 2997 759 3070 sacerdote
781 2999 1080 3096 depteheusum,
1106 3023 1185 3070 non
1203 2998 1321 3070 modo

317 3118 358 3190 in
377 3115 458 3186 aliis
477 3114 679 3212 dequibus
699 3139 786 3186 cum
811 3115 899 3188 alibi
915 3117 990 3214 (s),
1016 3133 1097 3188 tum
1117 3119 1157 3188 in
1184 3117 1319 3214 Sepul-

319 3233 450 3308 chreto
469 3231 523 3328 (ι)
536 3233 719 3329 legissem.
742 3241 882 3332 Atque,
900 3251 942 3306 ut
958 3237 1127 3324 silere-m,
1141 3234 1320 3306 eumdem

318 3375 474 3451 prorsus
492 3347 667 3424 eflectum
682 3349 781 3440 fore,
803 3355 833 3425 si
847 3378 890 3430 ex
906 3354 1211 3430 commemoratis
1223 3354 1323 3426 vitiis

318 3469 473 3566 aliquod
487 3470 709 3566 propiorem
723 3471 933 3544 ventriculo
946 3472 1137 3544 obsideret
1154 3471 1323 3544 duodeni

357 3856 400 3936 (ι)
421 3857 491 3914 vtu.
504 3858 600 3934 Epist.
616 3860 668 3930 ιο,
686 3879 717 3918 n.
736 3837 800 3930 13)

358 3955 400 4036 (a)
421 3959 454 4014 L.
472 3959 502 4029 3,
521 3979 544 4014 s.
559 3959 593 4030 8,
611 3959 676 4015 obs.
691 3979 726 4030 17
743 3971 845 4038 etseq.
