2726 4676
114 465 178 510 nm.
205 463 258 510 111
287 463 817 526 Dnuonatsvttrtrn1S,n1’1sr.
844 467 929 512 XLII.
960 451 1024 530 241

52 577 196 649 vesicam
209 573 350 648 fiebant
364 577 508 665 omnia,
538 533 755 672 faciliusque
772 579 886 649 urinae
902 579 1032 653 redde
1105 557 1108 564 i

52 693 183 764 bantur.
209 695 341 790 Neque
364 707 509 780 tamen,
531 695 561 764 si
584 695 728 789 pectori
745 707 810 763 aut
829 697 951 766 ventri
967 697 1033 768 ad·-

52 833 207 880 moveres
238 833 414 894 manum,
453 808 661 906 quidquam
698 825 830 908 praeter
862 827 1033 896 naturam

53 927 270 1054 perciperes:
286 926 362 996 imo
377 940 509 996 venter
519 925 658 996 nullam
669 951 827 1024 usquam
843 928 1036 1018 duritiem,

53 997 736 1141 nullamprorsustensionemhabebat.
748 1049 893 1115 Interea
903 1071 1037 1116 somno

54 1159 262 1232 doloribus
253 1174 480 1257 interrupt0,
499 1159 670 1231 ciborum
686 1162 854 1259 appetitu
869 1162 1046 1258 dejectos

54 1278 102 1348 siti
118 1292 290 1365 vexante,
317 1277 417 1348 vires
439 1278 555 1374 magis
583 1279 775 1376 magisque
801 1277 1036 1369 fatiscebant,

53 1395 175 1466 interni
192 1405 326 1468 sensus
339 1396 445 1492 quasi
463 1409 613 1493 torpere
628 1384 875 1494 incipiebant,
895 1397 1038 1494 pulsus-

54 1537 118 1608 que
132 1513 204 1610 ipsi
221 1513 378 1610 aprima
394 1511 456 1584 illa
478 1513 734 1610 magnitudine
756 1529 792 1585 et
810 1517 953 1612 impetu
974 1516 1038 1586 de·

54 1628 220 1701 clinarant
238 1629 347 1718 adeo,
367 1645 409 1701 ut
426 1632 530 1727 parvi
551 1655 594 1700 ac
608 1629 765 1717 debiles,
790 1632 937 1702 sinister
950 1649 1038 1729 prae·

54 1747 165 1816 sertim
187 1771 261 1818 nec
288 1771 373 1818 raro
395 1744 614 1843 inaequales,
642 1745 1037 1844 deprehenderentur;

54 1838 558 1972 in⁸exacerbationibufvero
575 1864 715 1936 ultimis
734 1866 843 1936 etiam
865 1865 970 1936 nulli
993 1869 1038 1936 In

56 1979 376 2080 hocigtturrerum
387 1981 880 2078 statuquantulumcumque
891 1937 1039 2070 afferre,

56 2099 91 2166 si
108 2125 182 2170 non
218 2099 367 2189 anxilii,
386 2114 423 2170 at
449 2114 548 2170 certe
568 2098 771 2170 levaminis
807 2101 931 2196 potui,
960 2125 1040 2170 non
1102 2117 1106 2123 “

56 2217 158 2288 omisi.
175 2220 225 2287 At
240 2153 391 2286 fuerurit
410 2217 535 2286 omnia
557 2216 635 2288 sine
654 2240 750 2286 noxa
767 2215 939 2312 quidem,
955 2215 1040 2304 sed,

56 2346 89 2401 ut
121 2332 388 2430 praedixeram,
421 2333 537 2404 irrita.
576 2337 706 2430 Itaque
743 2358 829 2404 cum
860 2334 1039 2431 postridie

55 2449 323 2522 nonasmartias
333 2449 414 2519 duae
425 2463 547 2520 tresve
571 2449 762 2545 sanguinis
782 2466 891 2548 guttae
905 2468 1038 2549 sponte

55 2567 234 2640 enaribus
254 2566 496 2655 excidissent,
517 2567 722 2637 insecutam
747 2583 871 2639 autem
888 2583 1039 2639 noctem

55 2683 218 2756 acrebro
246 2684 285 2753 in
312 2682 524 2758 scrobiculo
553 2683 676 2762 cordis
709 2683 840 2756 dolore
869 2665 1040 2754 omnium

56 2803 243 2896 pessimam
260 2799 445 2886 duxisset,
466 2815 502 2871 et
516 2825 625 2870 mane
643 2815 790 2887 tamen,
816 2801 945 2871 silente
971 2800 1040 2869 do-

56 2914 146 3006 lore,
163 2944 202 2991 se
226 2943 265 2989 se
284 2916 330 2988 ad
346 2916 551 2993 sedendum
572 2919 611 2987 in
628 2917 726 2987 lecto
745 2918 935 3005 erexisset,
954 2931 1041 3014 post

56 3031 176 3106 horam
201 3036 350 3108 circiter
374 3034 507 3106 eodem
536 3050 762 3121 revertente,
788 3051 824 3106 et
847 3021 1040 3105 saevissime

54 3169 221 3250 urgente,
233 3177 353 3251 prope
366 3152 486 3223 dicam
499 3151 622 3223 subito
636 3149 828 3222 conlectus
841 3165 906 3222 est.

96 3271 312 3357 Cadaveris,
335 3268 564 3367 pinguedine
584 3271 694 3340 etiam
715 3284 797 3340 tum
821 3292 899 3337 non
923 3290 1042 3364 pauca

55 3387 207 3480 praediti,
237 3387 390 3458 thorace
418 3386 582 3484 primum
616 3385 797 3472 dissecto,
819 3385 1041 3482 pulmoneS,

56 3525 135 3592 cor,
153 3527 242 3576 vasa
260 3527 394 3601 magna
414 3505 536 3574 omnis
554 3503 632 3574 vitii
649 3504 812 3600 expertia
832 3501 1042 3599 deprehen-

56 3617 180 3694 dimus.
196 3623 338 3692 Venter
353 3621 460 3716 jecur
468 3618 599 3693 habuit
612 3645 689 3694 non
702 3619 880 3689 naturalis
891 3597 1042 3705 coloris,

56 3751 88 3806 et
100 3740 412 3834 cysticontracta‚
432 3763 475 3812 ac
489 3736 662 3826 flaccida,
681 3739 821 3837 quippe
833 3760 959 3832 exqua
977 3733 1044 3804 do-

56 3851 147 3927 lores
160 3853 297 3944 bilem
311 3871 354 3926 ut
370 3853 467 3944 dixi,
481 3855 591 3932 toties
608 3858 874 3964 expresserant.
894 3852 1044 3922 Ventri

58 3970 147 4059 culi,
162 3987 292 4044 caetera
312 3974 410 4058 sani,
424 3961 615 4045 fundus
583 3997 643 4043 vix
655 3958 795 4071 aliquid
808 3970 939 4040 leviter
958 3967 1045 4042 su'b

126 4025 157 4160 5⁹.
858 4082 901 4161 16
