2810 4668
171 465 239 509 xm.
268 463 323 508 111.
352 462 398 508 ua
424 462 559 510 uotiuis
577 462 746 526 vaurms,
770 463 883 510 aarsr.
910 463 1021 510 xuvu.
1049 437 1121 539 595

121 591 249 648 tamen
271 571 490 656 effecturus,
506 573 641 670 siquid
658 577 892 672 potissimum
909 576 948 645 iu
968 579 1125 675 siugulis

121 691 271 764 feminis
291 707 462 789 praestare
477 701 686 786 oporteret,
699 693 793 764 scire
807 693 979 768 licuisset.
998 699 1124 767 Unum

122 811 242 897 enim,
256 809 319 880 sed
329 835 403 907 prae
414 809 807 895 caeteriseuuveniens⁹
817 812 995 880 auxilium
1007 813 1126 904 citius,

122 943 160 998 et
191 925 380 1004 efficacius
406 953 485 996 rem
511 930 612 1024 gerit.
634 927 692 996 Sic
713 928 808 998 alius
827 928 919 998 mihi
938 945 1053 1002 notus
1072 948 1128 1004 est

122 1046 311 1134 medicus,
333 1049 399 1144 qui
415 1071 501 1116 eum
518 1044 618 1116 videt
632 1045 798 1116 alostieis
814 1047 1052 1135 essedorum,
1067 1051 1127 1118 ui

123 1161 179 1234 hil
207 1163 279 1234 nisi
302 1187 421 1262 pauca
449 1163 548 1234 aloes
569 1186 699 1260 grana,
725 1179 965 1262 quacumque
986 1191 1026 1236 re
1045 1181 1132 1263 quae¹

124 1281 385 1352 amaritudinis
404 1305 554 1352 sensum
576 1279 790 1376 prohibeat,
805 1281 991 1368 inumata,
1005 1284 1128 1379 quoti*

125 1398 186 1470 die
207 1397 373 1482 exhibet,
395 1399 514 1495 iisque
539 1398 719 1468 duntaxat
743 1396 886 1468 felicius
909 1423 1059 1470 menses
1075 1423 1130 1472 re-

124 1539 260 1591 vocare
276 1515 435 1603 sedicit,
458 1510 570 1613 quam
585 1515 710 1612 granis
722 1516 840 1586 multo
855 1515 1046 1612 pluribus,
1064 1531 1129 1588 aut

126 1632 206 1704 aliis
222 1632 331 1703 simul
348 1631 442 1704 datis
456 1632 642 1706 remediis.
660 1637 716 1704 De
733 1633 883 1723 vivepdi
897 1648 1019 1703 autem
1037 1657 1129 1704 nor*

115 1775 189 1846 ‘ma
209 1751 362 1842 minime
381 1749 605 1848 negligenda
624 1750 728 1848 quod
744 1751 919 1836 diximus,
936 1767 1039 1822 tauto
1054 1773 1133 1823 cer·

127 1869 201 1938 tius
227 1882 296 1955 est,
324 1883 468 1964 quanto
495 1867 717 1955 evidentius,
745 1851 792 1937 ab
819 1867 1012 1938 erroribus
1033 1871 1130 1940 inea

126 1986 296 2060 admissis
316 1987 624 2084 expurgationem
643 1986 740 2057 haue
758 1985 864 2056 valde
884 1986 1075 2073 imminui,
1094 2003 1130 2058 at

127 2103 320 2176 interdum
333 2105 526 2201 supprimi.
542 2108 596 2174 Ita
604 2158 615 2192 ,
628 2119 671 2175 ut
686 2106 801 2176 veteri
816 2104 989 2201 ‘exemplo
1002 2125 1132 2176 recena

127 2237 204 2292 tem
222 2221 472 2318 quarumdam
492 2246 660 2292 errorem
679 2238 878 2310 notemus,
901 2221 1092 2316 Galerius(
1118 2225 1131 2318 )

130 2339 321 2410 memoria>
344 2337 512 2426 tradidit,
535 2343 661 2416 Rouoe
683 2364 747 2412 sua
772 2355 991 2436 tempestate
1016 2346 1133 2410 conti·-

124 2463 223 2553 gissa
229 2512 240 2545 ,
263 2481 345 2527 cum
363 2457 478 2554 vulgo
496 2457 668 2558 muliere}
691 2479 832 2552 aquam
846 2455 1133 2552 frigidissimam

128 2600 179 2646 ex
195 2579 277 2646 ue're
284 2590 482 2674 potarent,
500 2593 544 2649 ut
555 2590 624 2646 aut
634 2572 739 2645 nullu
747 2589 883 2672 parta,
899 2588 968 2646 aut
977 2593 1134 2669 prorsus

129 2697 318 2763 imminute
325 2709 596 2790 purgarentur.

169 2811 214 2881 ¹6.
240 2809 312 2880 Sed
332 2808 380 2880 ad
404 2811 538 2881 auxilia
563 2825 604 2880 ut
629 2807 780 2879 redeam
808 2831 955 2878 menses
980 2808 1134 2896 cientia;

131 2943 188 2999 est
203 2927 406 3025 aliquando
423 2953 509 3000 eum
522 2930 629 2999 locus
642 2929 718 2999 sive
731 2929 770 2996 in
783 2926 995 3024 praesentia,
1009 2927 1133 2998 sivein

131 3051 327 3142 pdsternm
355 3048 444 3144 ipsis
475 3064 529 3118 est
556 3045 705 3133 nullus3
732 3061 773 3115 ut
793 3059 883 3141 puta
902 3069 988 3112 cum
1010 3039 1135 3126 uterus

132 3161 319 3256 ejusmodi
349 3164 440 3234 vitio
467 3160 631 3235 affectus
655 3177 728 3248 est,
755 3176 796 3231 ut
815 3160 895 3230 tolii
912 3183 991 3229 nou
1007 3163 1134 3256 possit.

132 3279 356 3377 Exemplum
377 3280 424 3351 ab
442 3279 764 3378 experientissimo
784 3278 1008 3374 accipiamus
1025 3281 1138 3348 Bene·
1243 3261 1249 3276 ⁸

132 3396 223 3467 volu
237 3396 303 3493 (a).
319 3399 559 3488 Quatuorille
571 3395 780 3494 virginibus
791 3409 979 3464 retentum
991 3395 1030 3462 in
1038 3396 1137 3464 uteri

133 3537 228 3584 cavo
263 3531 498 3587 menstruum
526 3517 768 3611 sanguinem,
801 3511 1022 3608 chirurgicis
1049 3536 1139 3582 usus

134 3631 330 3729 praesidiis,
349 3635 479 3704 emisit.
501 3637 638 3703 Earum
651 3631 868 3728 tresprimae
881 3628 1038 3724 singulis
1052 3643 1138 3724 poss

134 3807 1138 3838 w

178 3922 222 4001 (1)
243 3919 272 3994 I,
287 3923 324 3981 de
336 3941 417 3980 vena
433 3933 501 3977 sect.
520 3913 624 3976 advers
637 3914 874 4004 Erasistrataeos,
891 3936 917 3972 c.
934 3917 960 3972 3.

179 4025 223 4101 (a)
243 4021 402 4080 Observa.
423 4042 447 4076 1.
538 4022 542 4027 ’

929 4111 995 4181 38·
