2810 4668
197 531 266 575 nm.
295 527 351 574 111.
380 529 426 573 33
452 523 779 590 nonsummum,
807 528 918 578 arrsr.
947 532 1044 578 xnvr.
1075 501 1144 583 563

135 657 271 717 nostro
290 640 371 741 (1),
389 642 543 714 alteram
561 667 582 714 a
597 642 641 714 31.
659 637 739 739 ejbs
759 633 837 714 cive
852 644 1068 718 Fromondo
1087 643 1145 746 (a)
1191 617 1197 630 Ι

137 764 356 849 dissectam3
374 778 416 833 ut
434 761 510 832 hoc
527 757 652 859 ipsum'
670 759 764 831 mihi
775 761 916 834 indicio
931 757 1005 852 sit,
1025 755 1147 839 multo
1212 763 1214 767 ’

133 882 267 981 plures
284 905 329 950 ex
348 881 394 952 iis
411 905 494 976 quae
518 893 714 950 menstruo
741 883 923 979 sanguine
951 887 1146 976 carerent,

135 1001 306 1102 potuisse
335 998 382 1069 ab
407 995 628 1068 anatomicis
653 995 795 1096 absque
826 1015 934 1072 utero
963 989 1148 1113 inveniri}

136 1135 229 1200 nam
242 1131 424 1189 utrarum
442 1116 516 1196 hoc
533 1115 724 1206 videatur,
744 1115 865 1190 multo
882 1121 1003 1191 rarius
1021 1119 1148 1194 videass

135 1251 203 1310 tur
219 1259 371 1309 necesse
393 1250 468 1324 est,
487 1236 517 1307 si
525 1249 670 1334 ⁸praeter
688 1233 771 1306 illas
788 1230 893 1307 33113
912 1237 984 1308 3113
1001 1235 1147 1328 fuisset,

116 1355 270 1427 ambas
294 1349 578 1452 prosectoribus
606 1345 927 1426 Cremonensibus
957 1351 1147 1456 obtigisse.

136 1475 235 1546 Cum
252 1474 404 1570 utrique
424 1471 574 1543 illarum
594 1467 739 1544 deesset
765 1474 919 1561 uterus,
944 1475 1003 1544 via
1020 1473 1149 1549 deerat

26 1633 38 1648 ·
136 1615 294 1692 quoque
317 1589 467 1689 pervia,
495 1615 578 1688 quae
602 1582 649 1662 ad
667 1568 794 1662 sedem
821 1592 920 1661 uteri
945 1579 1083 1680 ferret3
1107 1595 1149 1666 u't

134 1713 321 1811 primam,
342 1709 404 1779 cui
424 1709 564 1806 vaginae
583 1705 710 1808 portio
731 1705 911 1779 duntaxat
929 1725 1028 1796 erat,
1060 1699 1148 1782 3331

135 1830 268 1928 priore
295 1821 341 1899 de
371 1823 517 1898 duabus
555 1843 647 1924 quas
675 1852 746 1923 ego
777 1821 944 1925 inspexi,
976 1817 1148 1918 alteram,

135 1947 248 2043 cujus
263 1960 342 2017 erat
358 1945 500 2042 vagi'nae
519 1942 706 2014 orificium
727 1941 1034 2042 imperforatum,
1061 1973 1148 2019 cum

135 2062 253 2138 altera
270 2065 379 2136 liceat
392 2057 756 2162 comparare.Visam
773 2063 994 2137 acolumbo
1014 2069 1149 2164 siquis

136 2179 341 2281 chirurgus
369 2179 538 2254 incidere
569 2207 764 2281 aggressus
793 2173 910 2272 esset,
937 2172 1149 2256 313333311-

136 2301 244 2401 quod
267 2291 509 2372 fundo'iHius
527 2302 668 2398 vaginae
690 2303 876 2398 portionis
896 2303 1080 2399 attiguum
1102 2303 1150 2374 si-

135 2419 221 2492 mul
252 2417 512 2512 incidisset,a
549 2419 657 2514 cujus
687 2421 838 2500 ¹visceris
870 2423 1151 2517 compressione

137 2537 297 2638 fortasse
317 2551 397 2609 erat
423 2529 528 2634 quod
547 2535 683 2606 mulier
702 2535 847 2633 quoties
867 2561 950 2606 cum
973 2541 1058 2608 viro
1077 2533 1151 2608 313-

137 2657 206 2743 re't,
220 2654 432 2726 mirandum
444 2660 482 2724 iu
491 2653 644 2724 modum
651 2665 948 2751 conquereretur.
960 2657 1150 2750 Conspec-

137 2791 218 2846 tam
235 2797 255 2844 a
271 2767 488 2844 Fromondo
515 2772 614 2868 siqui
641 2769 818 2868 scalpello
842 2769 1047 2840 curandam
1069 2796 1149 2842 sus-

139 2893 352 2990 cepissent,
382 2891 549 2987 primum
568 2889 737 2987 'quidem
767 2897 914 2985 septum
947 2883 1153 2994 obstitissei

138 3007 328 3098 validum,
353 3002 525 3088 firmum,
561 3023 598 3080 et
616 3009 726 3102 fibris
757 3005 853 3076 odeo
882 3005 1010 3076 solidis
1032 3007 1149 3076 'mter-

142 3143 309 3217 tea’tum,
330 3142 372 3199 ut
389 3124 441 3198 ad
466 3127 750 3223 cartr'lage'neam
775 3138 953 3194 naturam
977 3130 1152 3220 proxime

141 3244 346 3316 accederet.
377 3246 490 3336 Quod
514 3244 605 3315 dum
631 3245 668 3312 vi
696 3241 864 3314 adhibita
894 3257 1153 3337 persecarent,

141 3363 239 3436 nihil
255 3361 399 3435 13311133
416 3359 675 3440 meminisset,
689 3384 803 3457 quam
814 3373 854 3428 ut
865 3361 1005 3453 vaginae
1020 3371 1153 3428 cavum

145 3481 301 3556 subesse
334 3495 531 3579 putantes,
566 3478 681 3572 hujus
707 3477 885 3574 parietes,
912 3471 1060 3572 quippe
1094 3476 1153 3545 13-

143 3615 205 3672 ter
236 3625 274 3672 se
305 3598 573 3684 coalescentes,
599 3611 635 3666 et
661 3593 816 3666 fortasse
849 3593 960 3663 311313
992 3585 1161 3665 adsititni'

613 3723 619 3758 ⁸
660 3731 672 3740 .,
736 3743 739 3751 Ι
770 3750 773 3758 Ι
967 3717 970 3724 ,

177 3979 233 4057 (ι)
255 3981 300 4035 De
314 3999 346 4035 re
356 3990 435 4034 anat.
450 3969 471 4033 1'.
488 3967 523 4033 15
538 3974 569 4032 13
583 3975 649 4049 ipso
662 3966 731 4028 1133.

189 4094 234 4173 (2)
255 4095 413 4170 Imperfor.
426 4087 543 4148 mulier.
557 4077 658 4147 313331.
673 4085 815 4144 biberis*
831 4087 836 4098 ’

926 4183 989 4254 36*
