2814 4674
306 434 353 506 92
471 431 517 478 DE
544 427 690 476 sumnus
715 429 759 474 ET
784 425 907 474 ctusts
933 427 1142 488 MORBORUM
1206 459 1208 466 ›

307 523 609 628 observationes3
640 542 719 638 ipse
745 541 843 611 enim
864 564 1023 637 quarum
1049 543 1089 611 in
1115 541 1321 639 praesentia

307 649 535 744 recordabar
545 712 554 746 ,
565 682 625 730 eas
635 655 897 730 tantummodo
909 661 1218 747 commemoravi,
1234 683 1321 730 non

307 792 383 848 tam
404 791 446 846 ut
470 800 558 846 casu
579 774 717 846 factum
738 773 851 848 fuisse
868 775 1115 874 iutelligeres,
1143 791 1220 848 uta
1236 779 1323 875 pri-

307 918 372 964 mo
391 908 447 964 tot
464 892 557 962 mihi
576 917 613 964 se
633 893 841 988 objecerint
858 894 896 963 in
911 893 1026 964 latere
1048 918 1180 965 omnes
1203 896 1322 966 sinis-

307 1025 387 1095 tro,
406 1035 518 1108 quam
539 1025 581 1081 ut
605 1009 784 1108 plurimas
804 1012 842 1080 in
862 1027 1043 1108 promptu
1068 1010 1258 1100 habam,
1291 1013 1324 1083 si

296 1124 404 1199 ¹forte
423 1127 521 1196 inter
533 1149 576 1196 se·
589 1123 804 1214 censerem,
821 1126 945 1223 aliqua
962 1153 1006 1198 ex
1018 1127 1214 1202 nonnullis
1227 1151 1324 1224 pos-

311 1265 369 1316 ses
387 1243 520 1312 elicere
537 1243 582 1312 ad
606 1241 883 1338 conjiciendum
904 1243 1090 1332 abditum,
1118 1243 1325 1316 eumdem-

310 1385 385 1458 que
406 1358 639 1456 frequentem
659 1359 836 1430 morbum
855 1385 933 1431 non
949 1347 1105 1431 inutilia.¹
1389 1358 1390 1362 ’

359 1483 415 1564 [μ.
443 1481 521 1548 Nec
538 1501 629 1547 vero
642 1476 746 1590 quod
760 1474 807 1548 de
823 1477 907 1575 pilis
921 1476 1080 1549 diximus
1093 1479 1191 1548 intra
1206 1475 1322 1548 femi·

310 1619 446 1666 uarum
466 1594 658 1666 testiculos
678 1619 698 1663 a
721 1593 910 1682 Bauhino‚
935 1609 971 1665 et
990 1593 1108 1666 Blasio
1129 1595 1323 1683 inventiS,

308 1737 503 1811 perrarum
526 1725 589 1782 est.
610 1714 704 1782 Nam
717 1711 909 1786 Bauhinus
922 1710 976 1806 (1)
996 1712 1046 1781 ita
1060 1710 1161 1781 illam
1177 1710 1320 1784 obser-

308 1829 496 1899 vationem
518 1829 789 1925 proposuit‚ut
803 1852 925 1924 neque
947 1853 1078 1916 unam,
1095 1853 1219 1925 neque
1235 1829 1322 1926 pri·
1390 1903 1391 1912 χ

225 1929 227 1934 ,
310 1971 410 2018 mam
440 1970 519 2017 esse
542 1944 745 2018 iudicaret:
766 1960 895 2042 postea
906 1961 1031 2017 autem
1048 1959 1085 2016 et
1098 1946 1259 2035 Blasius,
1279 1962 1324 2019 ut

310 2061 405 2149 dixi,
425 2076 461 2132 et
480 2060 562 2149 alii,
584 2062 622 2130 in
641 2061 1071 2161 quibusWepferush),
1090 2077 1126 2134 et
1145 2062 1322 2136 Andreas

309 2179 488 2251 Veronici
500 2177 574 2274 (3),
594 2177 658 2250 sed
676 2178 716 2248 hi
730 2179 807 2251 duo
821 2204 843 2249 a
857 2181 1031 2268 sinistris,
1049 2205 1070 2252 a
1089 2179 1230 2260 dextris
1252 2205 1325 2252 au-

309 2315 386 2372 tem
407 2299 624 2395 Stdpartius
639 2297 714 2393 (4).
742 2315 778 2372 et
802 2300 869 2370 cei.
889 2299 1059 2372 Halierus
1083 2297 1157 2396 (5),
1185 2313 1245 2388 et,
1270 2325 1322 2371 ne
1391 2337 1392 2380 ι

309 2417 436 2515 plures
461 2415 612 2504 addam,
635 2441 709 2486 una
735 2419 775 2487 in
803 2418 948 2488 civitate
971 2416 1086 2488 semel
1107 2431 1218 2513 atque
1250 2417 1325 2489 ite·

310 2519 415 2620 num,
431 2557 513 2602 mea
526 2534 722 2620 memoria,
738 2533 839 2604 docti
850 2534 1103 2605 Bononienses
1117 2534 1189 2603 viri
1202 2533 1322 2604 adno-

310 2665 455 2738 tarunt,
476 2674 599 2748 nuper
620 2649 771 2754 quidem
797 2650 998 2747 Menghius.
1012 2673 1054 2722 ac
1078 2650 1239 2726 Bonzius
1256 2649 1316 2746 (6)

309 2768 461 2844 sinistro
475 2769 514 2836 in
530 2782 640 2855 teste,
666 2781 751 2840 ante
770 2791 890 2838 annos
911 2782 1034 2838 autem
1047 2782 1122 2838 tres
1139 2783 1176 2837 et
1197 2768 1317 2863 quin-

311 2885 489 2982 quaginta
508 2883 539 2955 is
559 2905 673 2981 quem
691 2908 803 2981 supra
825 2883 880 2980 (7)
898 2883 1066 2972 laudavi,
1084 2881 1323 2957 Manfredius

311 3005 349 3076 in
370 3001 534 3072 dextero.
556 3003 651 3080 Huic
672 3003 772 3078 enim
802 3015 1005 3114 nonnatum
1032 2998 1166 3090 fuisse,
1187 2999 1236 3070 ad
1261 3026 1324 3072 me

353 3357 449 3440 (n

354 3457 395 3538 (a)
417 3460 487 3516 Vid.
502 3461 575 3516 thes.
595 3433 644 3530 17,
667 3458 931 3534 Schorkopffiicit.
942 3479 973 3515 ιι.
988 3468 1036 3528 40.

353 3560 396 3636 β)
416 3560 507 3632 Apud
521 3559 660 3634 Targion.
679 3560 728 3614 cit.
746 3559 819 3615 ibid.

352 3658 396 3735 (4)
418 3659 503 3713 Cent
523 3675 540 3712 ι
548 3677 649 3730 p.
620 3677 652 3718 1.
665 3653 729 3713 obs.
749 3658 796 3730 37.

355 3757 399 3834 (ὅ)
419 3759 528 3831 Opusc.
547 3757 660 3829 pathol.
674 3757 738 3812 obs.
752 3765 799 3824 42.

353 3857 397 3933 (⁶)

354 3957 396 4040 (7)

418 3858 582 3912 Comment.
598 3855 634 3911 de
645 3857 759 3914 Bonan
775 3858 823 3914 Se
834 3853 925 3916 Acad.
938 3862 985 3910 ta
992 3871 1044 3928 ,.p
1062 3871 1087 3923 1,
1100 3853 1317 3918 intermedica

418 3957 455 4017 Ν.
481 3953 527 4014 38.

1180 3979 1196 4010 ,⁸

1162 4013 1177 4044 Ι
