2726 4676
117 425 190 476 tte.
222 425 283 476 111.
311 426 358 474 DE
383 423 708 491 nonsummum,
734 427 845 475 EPIST.
873 426 960 477 xtn.
991 433 1062 504 299

27 542 144 618 ‚riore
156 543 316 629 tunica⁷
335 563 420 612 cum
440 541 570 612 vesicae
584 563 675 611 cavo
695 543 1062 634 communicantem,

46 683 159 758 quam
212 659 572 754 communicationis
613 659 900 757 explicationem
926 662 1063 759 aliquis

45 803 120 848 non
143 779 200 849 its
220 778 375 876 pridem
397 801 503 848 suam
521 775 630 864 fecit3
649 800 866 874 quanquam
893 793 969 850 tota
987 777 1061 852 dis-

45 899 250 994 putatione
264 896 327 966 illa
342 919 416 992 qua
431 897 554 966 varios
568 895 700 966 calculi
713 895 759 966 ad
769 897 930 968 vesicam
941 897 1061 969 adheu-

44 1013 153 1085 rendi
167 1014 312 1086 modos
329 1029 384 1085 est
399 1027 640 1110 persecutus,
660 1014 829 1090 sacculos
850 1015 941 1086 istos
957 1030 1060 1086 extra

46 1135 209 1204 vesicam
228 1131 494 1232 prominentes
516 1155 703 1228 nusquam
722 1132 859 1204 diserte
879 1157 1062 1205 memora-

47 1253 104 1322 rit.
120 1255 276 1324 Verum
290 1251 370 1322 duae
387 1250 456 1320 illae
470 1250 704 1321 sacculorum
727 1251 891 1348 ¹origines
901 1252 949 1339 si,
960 1267 1002 1324 ut
1019 1253 1060 1322 in

47 1372 155 1442 certis
170 1368 406 1468 quibusdam
420 1367 590 1456 casibus,
607 1367 893 1466 proponantur3
909 1354 988 1440 uon
1005 1385 1061 1444 est

50 1515 111 1559 cur
132 1511 304 1587 prorsus
324 1511 610 1585 repugnemus:
639 1488 695 1558 sin
729 1485 831 1558 utin
861 1487 1061 1578 omnibns;
1126 1515 1128 1528 ·

50 1632 127 1677 curn
150 1609 237 1678 aliae
259 1623 395 1678 nostrae
421 1605 704 1678 observationes
729 1628 812 1702 quae
844 1605 952 1693 alias,
974 1622 1057 1678 tum

51 1749 88 1796 ea
110 1727 327 1823 praesertim
345 1749 427 1823 quoe
449 1724 562 1822 paulo
593 1740 679 1796 ante
703 1723 758 1823 (r)
783 1724 969 1821 descripta
985 1739 1060 1814 est,
1119 1738 1122 1744 '

53 1845 285 1939 apertissime
299 1841 546 1940 refragantur.
565 1841 681 1914 Vides
695 1846 795 1942 enim
815 1865 859 1913 en
877 1841 1059 1914 Adversa-

53 1961 111 2032 riis
138 1963 201 2060 (a)
232 1983 322 2031 cnm
342 1963 381 2030 in
402 1955 558 2032 strenuo
585 1976 757 2057 potatore
783 1961 845 2031 alii
875 1958 962 2032 iacti
982 1961 1059 2057 jam

56 2095 175 2151 essent
198 2080 363 2166 sacculi,
382 2079 444 2148 alii
458 2077 725 2150 tantummodo
737 2077 820 2150 fieri
831 2080 1060 2176 inciperent,

56 2193 188 2268 horum
211 2198 318 2268 initia
333 2195 387 2268 ibi
407 2193 590 2268 duntaxat
601 2199 818 2295 apparuisse
827 2195 894 2268 ubi
907 2220 952 2268 ex
966 2201 1061 2271 areis

57 2299 264 2409 quas'inter
283 2315 554 2412 serelinqnunt
575 2317 863 2387 carneaeresicae
874 2313 978 2387 fibrae
1002 2338 1062 2386 ur·
1124 2345 1125 2348 ¹
1166 2396 1169 2412 p

58 2435 131 2526 geri
166 2433 307 2505 tunicae
336 2420 547 2504 extrorsum
566 2445 762 2530 poterant:
784 2434 914 2505 rustici
937 2446 1064 2506 autem

58 2551 244 2622 sacculum
258 2553 345 2648 quis
359 2575 379 2621 a
396 2547 614 2648 primordiis
627 2551 754 2648 potins
768 2553 952 2623 existimet
967 2575 1060 2649 prae-

57 2649 236 2756 eirtitisse,
258 2691 370 2765 quam
388 2669 493 2754 acui,
528 2669 693 2757 calculo,
722 2667 958 2739 creberrimae
981 2669 1062 2739 iotii

58 2787 257 2858 retentioni
270 2787 523 2859 successisse?
549 2791 627 2858 Nec
655 2811 747 2858 vero
773 2787 938 2858 calculus
964 2787 1063 2857 inter

58 2903 238 2994 tunicam,
256 2919 293 2976 et
314 2906 482 2976 tunicam
499 2905 700 2976 increvisse
717 2881 866 3001 poterat
889 2905 955 3000 qui
976 2905 1060 2974 acui

60 3017 213 3096 adflatus
232 3035 287 3095 est
305 3025 345 3094 in
361 3025 491 3095 vesicae
507 3047 640 3096 cavum
656 3023 832 3110 intrusam,
851 3045 937 3114 nec,
954 3023 1057 3120 quod

62 3143 318 3240 consequitur,
333 3157 374 3214 ut
393 3142 463 3213 sibi
476 3144 514 3212 in
531 3143 693 3213 vesicam
712 3141 853 3212 aditum
872 3141 1056 3238 aperiret,

61 3249 273 3330 interiorem
301 3263 467 3334 tunicam
499 3260 714 3358 disrupisse.
755 3261 855 3349 Quin
881 3285 926 3330 ex
950 3261 995 3331 iis
1020 3261 1060 3330 in

64 3373 195 3464 quibus
220 3377 292 3448 hos
318 3377 486 3450 sacculos
511 3376 904 3476 deprehendi,'nemo
932 3375 1002 3448 fuit
1021 3379 1060 3449 in

65 3510 136 3580 quo
145 3517 188 3563 ea
204 3495 334 3565 tunica
351 3511 446 3566 esset
464 3495 648 3594 disrupta,
665 3522 749 3581 cum
765 3497 804 3564 in
816 3495 1062 3596 omnibuspa·

64 3604 146 3676 riter
161 3635 202 3682 ac
219 3629 379 3701 caeterae,
405 3611 541 3702 laxata,
562 3612 609 3684 ad
635 3605 849 3687 faciendum
868 3615 1060 3686 sacculum

17 3784 20 3790 ,
64 3777 1049 3812 Ἢ

101 3885 141 3964 (1)
159 3896 196 3948 tt.
220 3893 267 3948 28.
291 3951 293 3958 ,

101 3985 141 4066 (a)
159 3993 295 4049 Animad.
314 3994 363 4050 cit.
