2790 4668
117 427 192 490 sta.
225 443 287 488 111.
315 444 362 488 nn
388 439 714 506 nonsummum,
738 433 849 492 trtsr.
877 443 973 490 univ.
1002 407 1072 514 473

57 557 239 642 tuerent,
263 549 306 626 ut
332 553 453 626 donee
480 557 587 652 penis
611 555 860 651 nonrigeret,
876 553 970 625 nihil
986 553 1076 622 hinc

39 672 44 682 “
61 673 256 744 sentirent
272 671 501 743 incommodi
520 700 529 760 ;
554 671 620 743 ubi
636 697 726 743 vero
742 673 863 770 rigere
876 672 1075 767 incipe-ret,

60 813 142 860 eam
167 789 362 860 continuo
383 789 589 862 molestiam
609 805 772 875 crearet,
801 805 842 860 ut
863 788 973 860 simul
990 811 1077 864 cum

63 929 203 975 somno
219 905 422 978 tolleretur
450 905 658 1004 periculum
676 908 828 978 scm-inis
846 903 1077 978 effitndendi.

63 1007 236 1094 Multum
267 1047 383 1119 porro
407 1023 677 1094 ultraillorum
706 1024 938 1094 medicorum
961 1025 1080 1119 suspi-

66 1143 198 1210 ciones
215 1141 403 1237 processit
417 1133 668 1212 Boerhaavius
681 1140 754 1238 (1),
770 1139 906 1212 diserte
922 1164 1080 1238 negans,

68 1281 198 1327 semen
214 1281 349 1340 verum
374 1281 411 1328 se
438 1261 607 1354 unquain
637 1259 785 1362 novisse
810 1256 951 1353 absque
971 1257 1082 1328 tenti·
1133 1345 1135 1350 Α
1218 1263 1221 1270 ’

68 1375 153 1470 gine
172 1399 344 1445 venerea
367 1375 498 1446 sivein
517 1374 688 1456 somniis,
708 1376 783 1444 sive
806 1389 908 1444 extra
937 1375 1082 1446 somnia

71 1489 184 1566 luisse
203 1488 395 1586 effusum
423 1506 463 1562 ut
485 1493 695 1564 rarissimus
723 1492 768 1563 sit
794 1483 949 1562 morbus
969 1515 1081 1587 opora

72 1621 165 1694 teat,
181 1609 224 1678 in
251 1632 330 1705 quo
349 1624 500 1706 sponte.
527 1623 564 1680 et
582 1610 660 1680 sine
680 1633 792 1702 sensu
807 1605 1030 1679 effundatur.
1051 1610 1083 1680 A
1142 1692 1144 1696 y

74 1739 243 1820 prostata
257 1726 373 1821 igitur
386 1725 561 1822 glandula
573 1724 612 1795 id
628 1750 705 1797 esse
726 1728 880 1797 censuit.
897 1723 1081 1822 Equidem

76 1839 153 1910 baec
181 1868 267 1913 non
291 1841 376 1912 dico
396 1842 499 1938 quod
517 1842 666 1920 credam
691 1867 822 1923 verum
846 1868 973 1914 semen
1004 1843 1083 1913 sine

77 1961 252 2032 venereis
273 1945 561 2058 cogitationibus
580 1985 774 2058 nunquam
785 1960 949 2032 effluere.
962 1955 1085 2030 Credo

81 2077 190 2150 enim.
201 2077 273 2149 ubi
287 2077 462 2165 laxiores,
484 2093 546 2148 aut
566 2073 679 2150 erosae
699 2079 773 2150 sint
790 2104 863 2149 orae
880 2077 1086 2148 foraminu-

64 2251 68 2261 .
81 2193 206 2266 lorum
224 2221 296 2293 per
309 2221 390 2292 quae
404 2221 530 2268 semen
548 2196 587 2266 in
604 2197 794 2268 urethram
807 2196 1088 2285 descendit,aut

83 2309 146 2380 ubi
158 2313 287 2410 ipsum
302 2315 480 2408 aquosius
497 2314 563 2400 sit,
576 2337 689 2410 posse
706 2315 848 2418 absque
860 2314 932 2386 illis
950 2299 1087 2410 cogita-

85 2427 253 2500 tionibus
289 2427 475 2518 defluere,
508 2445 550 2500 ut
575 2431 768 2506 nonnullis
789 2430 924 2502 accidit
956 2456 975 2500 a
999 2430 1088 2500 oali-

85 2543 200 2617 dionis
220 2547 408 2644 clysmatis
420 2547 638 2642 injectione,
653 2564 717 2618 aut
735 2548 781 2618 ab
800 2548 996 2619 duriorum
1016 2547 1088 2617 alvi

87 2667 675 2753 recrementorumexcretionea
689 2665 760 2735 nisi
778 2679 813 2734 et
833 2664 905 2734 illis
925 2664 963 2732 id
984 2661 1088 2759 quod

91 2780 178 2868 exit,
193 2799 345 2878 semper
363 2806 522 2878 paucum
542 2779 657 2870 adeo,
676 2797 711 2852 et
727 2781 797 2853 tale
810 2783 873 2866 sit,
895 2792 967 2850 uta
982 2803 1089 2877 prosL

91 2909 161 2967 tata
199 2879 389 2969 deducere
416 2899 542 2986 liceat3
577 2898 635 2970 his
663 2921 979 2994 veronunquam
1012 2918 1091 2968 esse

94 3031 204 3108 queat
223 3041 243 3086 a
262 3015 435 3100 vesiculis
449 3015 699 3106 seminalibus
726 3016 838 3106 Quod
859 3031 899 3085 ut
924 3038 1091 3112 semper,

95 3125 417 3224 quemadmodum
450 3123 539 3203 olim
574 3133 870 3219 arbitrabantur,
898 3157 975 3202 non
1009 3130 1093 3210 fieri

97 3247 190 3336 scio,
208 3251 259 3321 ita
274 3271 546 3346 nonnunquam
563 3249 664 3336 fieri5
684 3275 820 3348 negare
833 3273 911 3321 non
926 3273 1090 3346 possum.

149 3388 201 3460 ¹7·
228 3371 394 3438 Ventum
419 3381 494 3454 est,
522 3381 562 3437 ut
588 3367 710 3453 vides,
730 3367 775 3437 ad
805 3383 1033 3464 postremam
1055 3368 1096 3436 in
1147 3361 1149 3364 ’
1232 3347 1234 3352 ’

97 3482 249 3554 urethra
266 3484 501 3582 gonorrboeae
520 3483 667 3573 sedem,
698 3498 901 3581 prostatam
922 3484 1095 3555 videlicet

100 3596 330 3691 ¹glandulam‚
351 3618 387 3674 et
404 3601 643 3674 carunculam
666 3603 893 3678 seminalem.
925 3605 1094 3692 Quarum

139 3970 182 4048 (l)
200 3961 329 4035 Praelect.
346 3961 384 4036 ad
395 3979 525 4054 Institut.
541 3983 555 4048 §
572 3979 638 4050 77⁶⁵
