2810 4668
181 391 256 438 ms.
278 391 332 440 ru.
361 385 892 458 oruoar1svmra1s,rr1sr.
920 396 1016 443 mvi.
1046 371 1146 448 551‘
1224 444 1226 448 .

97 505 215 576 enim
235 503 296 590 ibi,
306 503 452 578 deesset
471 501 627 578 inferior
652 505 768 602 hujus
790 509 913 605 paries
934 508 1000 580 ubi
1022 535 1118 584 cras·
1149 544 1155 554 ·

95 621 210 694 siore
236 623 366 719 augeri
389 621 483 696 solet
507 623 710 730 spongioso
734 647 915 721 corpore,
943 650 982 698 se
1008 628 1118 726 expli-

98 754 221 810 cante
243 738 292 810 ad
311 738 456 838 glandis
475 763 554 812 non
567 755 719 812 tenuem
734 743 956 814 exteriorem
969 758 1115 842 partem

96 853 337 946 faciendam
351 856 530 930 credibile
540 871 613 944 est,
627 857 848 956 sanguinem
862 859 929 956 qui
939 884 984 930 ex
994 859 1113 932 bulbo

94 973 272 1045 urethroe
295 997 444 1046 sursum
466 973 704 1072 protruditur
723 989 938 1073 opportune
951 975 998 1047 ad
1011 976 1112 1075 glan-

93 1089 192 1160 dem
222 1089 527 1180 distendendam‚
550 1091 676 1162 minus
700 1090 917 1189 expeditum
938 1091 985 1164 ad
1011 1091 1111 1166 hanc

93 1209 305 1280 transitum
337 1207 545 1280 habuisse:
582 1233 696 1307 quam
721 1209 979 1304 conjecturam
1009 1209 1109 1284 idem

91 1326 350 1424 spongiosum
377 1327 537 1402 urethrae
561 1351 699 1425 corpus
723 1325 817 1398 mihi
837 1324 1107 1418 confirmabat,

89 1445 247 1542 quippe
275 1443 379 1540 quod
407 1443 454 1516 ab
484 1443 636 1517 duobus
658 1443 730 1516 illis
752 1440 904 1516 orificiis
930 1443 978 1514 ad
999 1446 1106 1541 penis

90 1585 221 1660 usque
241 1543 405 1634 radicem
420 1564 459 1633 in
480 1562 555 1635 hoc
568 1563 706 1658 juvene
722 1586 800 1636 esse
811 1560 932 1659 aequo'
945 1563 1104 1636 crassius

88 1678 373 1769 animadverti,
402 1681 581 1752 nimirum
608 1705 630 1752 a
655 1681 854 1779 sanguine,
875 1678 1040 1751 liberum
1062 1681 1101 1753 in

88 1796 274 1894 glandem
299 1798 495 1894 trajectum
517 1822 597 1868 non
618 1796 801 1884 habente,
822 1798 984 1894 ideoque
1004 1793 1101 1870 infra

88 1911 197 1986 illam
218 1913 462 2001 subsistente,
476 1930 525 1994 ,ut
542 1929 727 2013 quantum
750 1914 1004 1988 crassitudinis
1021 1909 1098 1988 me·

88 2046 245 2104 morato
258 2033 411 2132 corpori
426 2031 599 2120 adderet,
616 2046 762 2104 tantum
777 2030 1025 2131 longitudinis
1039 2031 1109 2132 de?
1219 2033 1222 2046 '

88 2147 278 2238 traheret,
297 2147 428 2246 sicque
443 2165 628 2222 annexam
640 2149 814 2250 glandem
830 2150 1005 2222 deorsum
1019 2173 1098 2222 cur·
1158 2193 1161 2200 ·

90 2282 211 2340 raret.

142 2387 315 2476 Quarum
334 2409 461 2456 rerum
479 2385 518 2456 in
542 2383 693 2457 duobus
712 2383 784 2457 illis
804 2384 885 2456 aliis
908 2409 1005 2482 quos
1037 2385 1096 2453 in-

84 2504 211 2601 spexi,
231 2501 455 2598 jurenibus,
481 2500 699 2590 polluerat,
726 2515 926 2599 propterea
945 2503 1033 2598 quia
1053 2500 1092 2571 id

85 2621 419 2720 corpusparietem
431 2644 539 2692 suum
549 2617 839 2692 inferioremaut
849 2617 1092 2704 nullomodo,

86 2753 153 2810 aut
174 2737 237 2808 vix
257 2762 371 2835 supra
388 2752 559 2822 scrotum¹
573 2735 813 2824 extendebat,
837 2736 1010 2832 superior
1029 2759 1092 2804 au-

86 2868 186 2944 tem,
204 2856 280 2942 sive
299 2855 330 2926 is
346 2855 414 2951 qui
430 2845 528 2926 inter
540 2850 880 2951 nerveos'pongiosa
894 2853 1000 2950 penis
1013 2875 1092 2922 cor·
1189 2938 1193 2944 ¹

87 2995 185 3069 pora
204 2971 406 3069 excipitur,
425 2967 551 3064 facile,
579 2972 675 3044 sicut
692 2973 731 3041 in
752 2968 978 3068 quibusdam
995 2969 1092 3041 acci-

87 3088 163 3179 dit,
188 3089 350 3166 ,crassior
383 3102 499 3176 esset,
529 3103 571 3162 ut
595 3090 681 3162 satis
705 3112 791 3159 cum
814 3086 948 3186 glande
968 3103 1095 3186 posset

88 3208 383 3280 communicare.
418 3207 607 3306 Intelliges
641 3204 716 3280 hoc
753 3206 1016 3304 quadantenus
1050 3231 1095 3276 ex

90 3323 273 3422 Ruyschii
288 3321 409 3422 figura
421 3348 522 3419 quae,
534 3324 574 3396 in
589 3323 894 3396 observationum
908 3322 1094 3408 centuria,

88 3458 145 3516 est
161 3443 228 3543 763
245 3441 308 3514 illa
325 3455 450 3514 autem
461 3465 544 3538 quae
562 3441 602 3513 in
613 3441 815 3513 novissime
834 3439 1023 3538 descripto
1040 3439 1100 3535 ju·

89 3585 187 3634 rene
205 3560 371 3655 conjeci,
388 3558 500 3656 longe
518 3558 654 3632 clarius
673 3583 718 3631 ex
738 3557 915 3628 centuriae
930 3556 1099 3652 ejusdem

92 3673 225 3777 figuris
240 3678 281 3748 81
302 3691 339 3748 et
354 3677 399 3747 82
417 3676 643 3774 comparatis
658 3699 743 3748 eum
760 3663 818 3773 75.

144 3820 198 3866 10.
217 3796 283 3866 His
301 3818 382 3892 qum
396 3791 511 3864 modo
528 3793 749 3882 dictasunt,
769 3788 987 3874 confirmari
998 3787 1103 3861 vides

93 3935 176 4011 quae
201 3911 436 3986 recentiores
459 3901 620 4004 medici,¹
645 3909 895 4010 inprimisque
922 3906 1107 3982 Boerhaa-
1170 3942 1173 3961 ι
1271 3983 1275 3990 ,
1367 3927 1368 3939 ’
