2936 4668
318 425 386 502 532
483 453 531 498 nn
556 449 703 498 sentens
726 451 770 496 nr
795 449 918 498 clusis
945 453 1152 502 nonnosum

317 565 524 662 scripsisset
541 563 607 636 vel
619 587 695 632 nou
707 563 828 660 plane
850 572 1057 660 cognitum,
1086 567 1152 638 vel
1178 593 1224 638 ne
1248 595 1322 639 an-

315 683 423 752 telzac
433 681 582 778 quidem
599 682 842 750 observatum.

365 806 421 886 24.
443 799 540 869 Nolo
552 797 599 867 ad
616 797 765 894 longam
788 797 982 868 historiam
1012 800 1144 897 longas
1161 827 1316 898 quoque

312 917 574 988 adnotationes
586 929 760 985 attexere.
773 916 870 984 Satis
880 916 926 986 sit
934 941 1054 1012 pauca
1066 969 1075 1003 ,
1088 943 1206 1014 eaque
1223 943 1321 989 sum·

312 1035 442 1104 matim
463 1031 634 1126 adjicere.
654 1030 767 1122 Quod
788 1033 904 1128 igitur
929 1031 975 1102 ad
996 1049 1163 1105 sternum
1184 1037 1316 1106 attinet

312 1166 415 1220 certo
427 1149 513 1220 loco
535 1163 745 1218 extrorsum
766 1150 1004 1244 prominens,
1027 1167 1223 1250 costasque
1239 1154 1315 1224 suis

311 1291 397 1340 cuni
406 1265 703 1362 cartilaginibus,
716 1291 790 1362 qua
799 1291 938 1338 crassas
956 1261 1190 1338 sustinebant
1203 1293 1318 1338 mam-

312 1409 409 1469 mas,
422 1407 658 1480 crassamque
670 1384 956 1506 pinguedinem,
966 1387 1145 1482 utrinque
1158 1385 1253 1458 adeo
1264 1389 1319 1456 in-

309 1517 474 1574 trorsum
491 1499 686 1597 depressas
703 1502 1034 1598 exstatRiolani(r)
1045 1503 1169 1573 locus:
1184 1509 1230 1572 In
1241 1529 1317 1574 mu-

309 1621 461 1692 lieribus
477 1623 691 1690 mummosis
702 1635 740 1688 et
755 1621 893 1704 obesis,
909 1619 1079 1690 detracta
1091 1621 1190 1690 mole
1200 1647 1316 1691 mam-

308 1745 479 1822 marum,
514 1752 675 1808 sternam
713 1742 965 1836 acuminatum
1005 1734 1265 1835 deprehendi,
1282 1755 1317 1808 et

302 1871 435 1955 pectus
450 1871 669 1949 angustum,
687 1853 792 1949 quod
812 1859 849 1920 in
875 1853 949 1922 illis
968 1878 1082 1924 causa
1094 1857 1179 1944 fiu't
1202 1855 1315 1952 dysp-

254 1967 258 1974 ’
307 1999 411 2044 nem:
426 1979 536 2042 istam
558 1976 769 2066 ungrtstr'am
794 1973 1023 2040 eoect'tavemt
1032 1971 1187 2068 pondus
1202 1999 1317 2042 mam·

306 2115 461 2160 marum.
496 2093 575 2156 Hoc
608 2088 783 2156 ultimum
821 2087 915 2156 mihi
945 2085 1103 2158 dubium
1139 2105 1203 2159 est.
1235 2090 1314 2160 Nisi

305 2207 406 2278 enim
440 2203 617 2274 mulieres
645 2203 843 2275 maximam
874 2206 1057 2302 temporis
1080 2221 1221 2301 partem
1253 2231 1314 2277 su-

303 2322 584 2420 pinae.jaceant,
602 2320 707 2416 quod
726 2319 850 2392 obesis
867 2337 906 2391 et
929 2323 1148 2392 mammosis
1165 2345 1244 2392 nou
1263 2331 1314 2393 ita

304 2437 547 2512 commodum
568 2453 645 2522 est;
662 2463 910 2508 mammarum
927 2439 1079 2536 pondus
1098 2455 1218 2510 costas
1245 2465 1314 2536 po·

302 2559 376 2629 tius
386 2569 598 2626 extrorsum
618 2555 761 2640 trahet,
796 2581 908 2650 quain
937 2557 1145 2627 introrsum
1170 2574 1313 2653 urgeat.

301 2673 412 2765 Quod
431 2697 499 2742 nec
515 2672 626 2768 rigidi
637 2671 882 2768 adstrictique
900 2650 1161 2746 thoracisusui
1184 2679 1311 2770 possis

300 2795 511 2888 imputare;
533 2790 599 2884 qui
614 2789 716 2858 enini
731 2791 844 2860 costis
863 2806 1019 2876 noceat,
1038 2794 1210 2862 mammis
1231 2817 1310 2862 non

300 2907 456 2978 noceat?
471 2910 715 3004 Quapropter
728 2905 856 2976 malim
873 2909 1042 2977 vitiosam
1062 2911 1170 2978 istam
1189 2923 1311 2978 struc-

300 3039 423 3094 turam
444 3045 463 3090 a
486 3020 703 3139 primordiis
730 3037 925 3118 repetere:
949 3049 1032 3120 quie
1064 3025 1243 3120 quoniam
1267 3027 1307 3094 in

298 3137 599 3242 praepinguibuS,
619 3143 908 3236 mammosisque
924 3166 1013 3254 'non
1039 3141 1109 3210 nisi
1134 3167 1202 3238 per
1232 3141 1308 3212 dis-

300 3258 505 3328 sectiouem
523 3271 699 3352 apparet3
718 3255 860 3328 idcirco
886 3257 924 3328 in
948 3259 1023 3346 his,
1047 3283 1115 3328 ceu
1131 3283 1190 3330 res
1206 3262 1307 3331 inex·

300 3375 1305 3472 spectata,anatomicorumoculos,animosquelonge

285 3481 417 3584 'magis
432 3489 621 3585 percellit,
648 3515 761 3585 quam
782 3492 821 3560 in
839 3491 1071 3580 macilentis,
1096 3493 1135 3560 in
1163 3491 1306 3588 quibus

297 3605 329 3676 si
348 3619 421 3688 est,
440 3605 598 3676 velante
618 3608 822 3680 sectionem
842 3607 952 3678 obvia
966 3625 1030 3680 est.
1047 3613 1186 3678 Verum
1198 3608 1305 3680 unde

295 3824 715 3844 m

328 3981 370 4059 (t)
393 3974 560 4034 Encheirid.
579 3994 706 4037 anatum.
725 3985 744 4036 l.
762 3984 795 4053 6,
814 4004 839 4038 c.
857 3993 902 4050 tl..
