2814 4674
112 463 180 509 un.
202 463 262 510 111.
295 459 828 524 onnonn1svnnnn1s‚notsn
857 463 979 509 xxxix.
1033 440 1079 528 43
1128 508 1132 514 .

71 591 144 646 sent
158 577 358 674 imposito,
368 599 449 646 non
462 573 577 646 modo
590 589 632 646 ut
640 575 805 663 inutilia,
823 577 1081 648 verumetiam

72 695 248 791 utgravia
268 707 306 766 et
320 692 489 781 molesta,
499 705 742 789 aegrotantem
755 692 943 788 rejecisse:
953 717 1084 790 quam·

71 809 198 882 obrem
234 811 364 884 vitatis
384 809 563 884 omnibus
599 828 681 908 qu'ae
712 833 784 908 pus
804 810 984 882 movendi
1003 813 1081 882 vim

69 926 278 1016 haberent,
303 945 471 1000 ceratum
496 927 777 1026 Noribergense
797 927 845 1000 ab
865 953 904 1000 sc
924 929 1082 1027 quidem

70 1046 314 1119 commodius
328 1047 549 1134 existimari}
568 1045 635 1119 sed
657 1046 815 1116 omnino
840 1047 1000 1124 internis
1022 1065 1082 1120 rc*

69 1161 202 1236 modiis
218 1183 303 1238 esse
320 1163 541 1250 nitendum,
561 1164 606 1236 iis
622 1162 798 1236 videlicet
815 1189 899 1261 quae
923 1163 1083 1236 validius

70 1295 104 1350 ct
118 1280 341 1354 inciderent
359 1295 395 1354 et
413 1265 688 1370 dissolvdrent‚
709 1297 746 1352 et
759 1307 841 1379 quae
858 1282 985 1352 alvum
1004 1305 1084 1352 ma-

73 1400 124 1495 gis
135 1425 259 1498 quam
279 1398 574 1488 rhabarbarum‚
588 1415 625 1472 et
640 1400 763 1470 multo
782 1402 899 1498 magis
914 1424 996 1498 quae
1011 1400 1085 1470 uni⁶

73 1539 157 1586 nam
175 1532 390 1590 moverent.
413 1516 469 1589 Ad
489 1517 567 1588 hnc
586 1516 794 1615 proestanda
815 1542 901 1589 cum
920 1518 1028 1616 plura
1049 1524 1086 1589 et

76 1634 307 1724 valentiora,
319 1650 362 1708 ut
373 1635 535 1727 solebat,
551 1634 737 1722 laudaret,
748 1635 984 1706 mercurialis
994 1659 1087 1734 quo-

76 1779 148 1850 que
160 1771 202 1827 et
213 1754 456 1852 chalybeota,
474 1753 610 1844 si'serri
626 1768 804 1852 possent,
824 1777 949 1851 nequo
970 1776 991 1824 a
1015 1779 1085 1824 no-

78 1869 152 1957 bis,
172 1871 319 1970 quibus
336 1871 608 1944 consideranda
623 1888 874 1970 proponeret,
892 1870 1084 1970 improba·

79 2009 235 2084 rentur,
258 1994 331 2067 sibi
354 1995 510 2092 quidem
539 1996 802 2067 convenientia
833 1995 953 2066 videri
982 1994 1083 2065 dixit.
1155 1977 1162 1994 ’

79 2113 165 2184 Post
181 2137 298 2211 quem
314 2113 393 2208 ejus
413 2115 537 2186 socius
549 2168 559 2200 ‚
573 2129 703 2185 caetera
718 2112 996 2201 transmittens,
1013 2111 1087 2183 nisi

82 2229 189 2326 quod
197 2230 308 2327 jecur
323 2233 480 2330 insuper
495 2245 531 2302 ct
547 2232 686 2324 lienem¹
707 2231 899 2304 obstructo
911 2229 1089 2318 credidit,

85 2371 204 2444 pauca
222 2348 378 2446 quidem
399 2349 514 2421 verba
527 2348 634 2437 fecit,
651 2349 717 2422 sed
738 2350 784 2422 de
802 2348 978 2422 remediis
989 2338 1090 2418 mu'l·

83 2479 163 2536 tum
180 2465 373 2556 dissensit,
392 2488 533 2566 negans
554 2466 656 2539 aliud
682 2489 797 2564 qnam
815 2465 1088 2538 chaborbacnm

87 2583 154 2654 sibi
171 2605 389 2682 proponere
403 2583 538 2673 licere,
564 2609 640 2682 qno
660 2609 740 2656 uno
762 2607 853 2658 usus
872 2599 966 2656 esset
981 2598 1090 2654 antea

87 2702 163 2773 sine
188 2701 458 2790 incommodo,
481 2726 568 2773 cum
594 2701 664 2774 alia
693 2725 778 2799 quae
800 2716 924 2774 essent
942 2700 1089 2786 addita,

89 2821 215 2891 omnia
232 2843 369 2916 magna
389 2845 475 2891 cum
492 2821 662 2892 molestia
679 2843 750 2892 nec
764 2823 846 2891 sine
860 2819 1090 2891 detrimento

90 2937 240 3012 vidisset
256 2937 434 3009 adhibita.
458 2941 551 3008 Tum
577 2961 709 3009 eorum
729 2939 794 3036 qni
811 2961 960 3008 mecum
983 2959 1095 3006 vene·

90 3074 192 3147 rant,
206 3059 301 3130 alter
325 3057 519 3153 aliquanto
536 3055 647 3154 plura
667 3055 838 3145 locutus,
866 3053 914 3126 de
935 3055 1094 3126 tumoris

92 3193 224 3250 natura
243 3192 279 3248 et
296 3173 383 3276 sedo
400 3176 439 3244 in
457 3190 630 3262 omento,
656 3175 758 3246 etde
777 3177 1029 3246 excrescentia
1054 3173 1094 3242 in

93 3295 212 3391 pylori
222 3293 377 3378 annulo,
392 3317 475 3390 quae
486 3293 592 3390 prior
605 3290 748 3364 dixerat
761 3276 1003 3390 mina'tusquc
1016 3289 1095 3364 fue·

94 3427 164 3502 rat,
193 3411 331 3484 diserte
359 3409 564 3509 probavit:
586 3411 634 3482 dc
666 3410 844 3502 remediis
864 3411 911 3483 ab
929 3426 1110 3508 utroque¹

93 3527 253 3604 dissedit.
276 3529 419 3624 Rejecit
436 3529 537 3600 enim
557 3531 756 3627 purgantis
772 3554 854 3627 quae
870 3543 1008 3602 vocant
1020 3551 1099 3599 om·

92 3647 173 3733 nia,
194 3647 399 3745 ipsumque
416 3644 690 3718 rhabarbsrum
709 3673 716 3715 :
740 3647 953 3744 lignorum,
972 3661 1015 3717 ut
1043 3646 1098 3717 lo·

93 3779 288 3862 quuntur,
306 3764 506 3836 decoctum
528 3785 615 3835 cum
631 3763 780 3836 modica
801 3766 936 3862 viperae
955 3765 1099 3861 portio-
1163 3765 1166 3772 ’

91 3907 152 3971 nc,
171 3883 246 3955 nisi
265 3880 365 3954 forte
384 3881 433 3954 ob
453 3881 591 3954 febrim
607 3880 685 3952 haec
706 3881 864 3954 calidior
880 3879 1095 3970 videretur,

92 4003 300 4102 proposuit.
434 3995 442 4010 '
