2726 4676
251 398 322 473 216
416 421 462 466 na
489 419 634 467 sautans
660 423 704 466 m
729 419 853 468 causis
878 387 1087 468 uonaoauu

248 549 369 606 terum
386 532 646 620 membranas,
662 547 704 602 ut
719 533 808 603 alias
822 533 874 628 (ι)
889 532 1072 622 diximus,
1095 533 1258 606 irritatio

248 651 301 721 ibi
318 651 551 737 sensibilior,
573 649 637 718 ubi
657 650 810 736 desinit,
825 665 1077 748 propagetur,
1091 651 1166 722 sive
1191 675 1260 748 po-

248 771 321 840 tius
334 773 378 836 in·
392 767 449 840 bis
462 766 609 838 casibus
626 753 804 854 arenulae,
827 781 892 839 aut
912 767 1016 864 quod
1037 770 1158 865 prima
1179 767 1260 838 his·

248 887 343 957 toria
365 909 432 982 per
453 885 570 954 levem
591 887 687 956 circa
706 900 898 955 ureterum
923 884 1067 956 orificia
1092 886 1260 958 abrasio-

248 1029 338 1078 nem
356 1003 513 1086 indicat,
535 1027 637 1074 acres
661 1003 822 1073 materiae
847 1004 886 1072 in
908 1005 1069 1074 vesicam
1100 1002 1261 1073 descen·
1342 1063 1343 1066 ,

250 1121 359 1206 daut;
374 1120 427 1190 ibi
447 1119 684 1190 subsistendo
704 1121 753 1190 ita
772 1119 869 1198 hanc
895 1119 1096 1206 vellicant,
1122 1134 1165 1189 ut
1193 1119 1260 1190 do·
1343 1145 1344 1156 ¹

249 1238 372 1324 lores‚
395 1229 620 1334 praesertim,
638 1237 729 1307 dum
756 1261 794 1306 se
815 1236 861 1306 ad
878 1235 1127 1334 mingendum
1154 1259 1263 1306 cons-

250 1357 402 1452 tringit,
417 1355 647 1426 acerbissimi
668 1355 850 1425 oriantur.
869 1356 1061 1424 Acerrima
1078 1377 1166 1425 sane
1185 1378 1262 1424 ma·

250 1473 343 1542 teria
358 1498 377 1542 e
393 1474 554 1542 corrosis
568 1472 723 1542 renibus
737 1473 774 1540 in
785 1473 943 1541 vesicam
959 1469 1151 1557 delabens,
1160 1470 1262 1540 hanc

251 1590 304 1658 ita
320 1604 355 1658 et
373 1589 562 1686 proximas
581 1605 703 1686 partes
721 1590 758 1657 in
779 1590 861 1658 viro
879 1587 1042 1684 quodam
1063 1585 1265 1673 afficiebat,
1349 1606 1350 1628 ¹

253 1721 295 1776 ut
308 1731 393 1776 cum
413 1707 522 1776 dolor
535 1710 572 1776 in
593 1707 731 1776 lumbis
751 1731 829 1776 non
850 1731 998 1804 semper
1018 1706 1119 1775 utin
1140 1707 1264 1776 vesica
1350 1694 1351 1704 ¹

253 1815 459 1920 perstaret,
477 1830 678 1920 omniaque
682 1828 880 1920 praesentis
898 1825 937 1892 in
955 1822 1024 1892 hac
1043 1820 1183 1892 calculi
1197 1827 1265 1916 sig·
1352 1868 1353 1876 κ

252 1966 304 2008 no
324 1941 540 2024 induceret,
570 1940 718 2009 medico
734 1940 778 2009 cl.
797 1942 1020 2038 Hottingero
1034 1938 1087 2034 (a)
1101 1938 1149 2008 de
1170 1938 1266 2034 ejus-

256 2056 341 2127 dem
358 2055 494 2126 calculi
505 2063 704 2128 existentia
715 2056 858 2127 nullum
870 2073 1077 2128 remaneret
1092 2056 1261 2128 dubium.

256 2175 372 2267 Cujus
399 2189 523 2242 tamen
548 2173 680 2243 calculi
700 2178 738 2244 in
762 2178 903 2245 mortui
931 2177 1052 2248 vesica
1082 2201 1130 2244 ne
1157 2174 1266 2246 vesti-

181 2279 183 2284 ’
256 2291 358 2390 gium
373 2289 525 2386 quidem
542 2289 620 2361 fuit.
637 2295 758 2388 Atque
773 2293 937 2388 utmagis
949 2294 1142 2389 magisque
1160 2291 1267 2362 intel·

204 2421 206 2427 ’
257 2408 369 2504 ligas,
385 2433 496 2504 quam
521 2407 626 2479 facile
646 2411 684 2478 in
702 2411 859 2506 dysuriae
881 2435 991 2482 causa
1009 2409 1267 2526 dignqscenda

258 2549 382 2596 errare
402 2527 609 2622 possimus,
629 2527 789 2598 duarum
809 2543 1068 2598 matronarum
1092 2527 1269 2598 historias

258 2645 422 2740 inspice,
439 2643 624 2714 alterama
642 2643 850 2716 Schrockio
864 2645 939 2742 (3),
960 2647 1114 2716 alteram
1132 2670 1153 2716 a
1172 2651 1268 2717 Bon-

257 2759 360 2858 figlio
376 2760 428 2854 (li)
440 2763 605 2857 scriptas.
623 2763 782 2832 Primam
797 2763 947 2860 ‹lysuria
964 2762 1166 2859 torquebat
1179 2789 1267 2835 cum

258 2894 446 2966 tenesm0,
467 2867 663 2950 doloribus
683 2881 857 2978 inpube,
877 2897 912 2952 et
937 2883 1046 2950 urina
1071 2883 1179 2977 quasi
1199 2883 1269 2954 lac·

242 3012 335 3083 ·tea;
364 2997 566 3068 secundam
588 2997 739 3092 dysuria
768 2998 814 3068 ab
845 3001 998 3069 ineunte
1024 3013 1153 3086 atate,
1180 3023 1267 3072 cum

257 3115 365 3183 urina
376 3115 566 3184 interdum
584 3113 880 3208 ejusdemmodi,
898 3117 959 3186 cui
977 3115 1141 3213 denique
1147 3117 1267 3214 plura

246 3230 418 3320 frustula
426 3231 574 3322 foliato
593 3230 895 3325 adjunctasunt,
909 3259 991 3331 quae
1006 3229 1085 3303 nori
1097 3236 1178 3306 sine
1191 3258 1266 3332 gra·

257 3348 398 3418 vissimi
418 3349 598 3445 ponderis
616 3373 748 3436 sensu,
769 3350 901 3422 dolore
926 3377 968 3424 ac
986 3350 1122 3424 ardore
1142 3368 1266 3424 extru-

257 3544 1251 3564 ΡΠ--ἫἭ

311 3661 337 3740 ι)
358 3664 450 3737 Epist.
468 3670 505 3728 lo
516 3705 523 3732 ,
535 3683 566 3718 n.
580 3663 608 3723 5.,

359 3766 433 3837 Eph.
444 3766 524 3820 N.C.
538 3765 600 3822 dec.
615 3765 646 3835 3,
661 3768 697 3820 A.
709 3785 727 3840 9
741 3775 770 3821 et
787 3785 841 3821 10.
856 3766 921 3822 obs.
936 3767 1005 3824 232.

357 3865 496 3925 Earumd.
511 3877 586 3920 cent.
606 3885 617 3920 1
637 3876 665 3920 et
679 3885 711 3934 a,
730 3866 795 3922 obs.
813 3865 878 3922 186.

353 3966 494 4030 uariant.
510 3977 588 4028 cent.
603 3985 637 4048 9,
653 3965 717 4026 obs.
732 3973 760 4042 4.

1344 1256 1346 1316 l
