2740 4670
266 429 337 515 404
430 450 477 496 mr
503 445 718 498 sanmusnr
743 445 867 496 causis
893 449 1103 500 rtoanoauu

265 562 484 664 pusculum,
516 585 586 635 nec
618 560 714 636 illud
742 587 934 661 maguum.
963 565 1144 664 Reliquiae
1170 567 1277 639 enirn

264 705 408 778 magnae
428 678 624 778 hydatidis
643 701 721 752 esse
740 681 880 778 potuit,
898 696 935 752 et
946 705 1033 778 quae
1049 682 1118 754 diu
1137 708 1276 780 aquam

264 797 447 885 dedisset,
479 796 627 868 tametsi
647 795 816 895 denique
848 821 868 868 a
901 797 1016 897 longo
1042 814 1217 897 tempore
1240 803 1278 872 in

264 940 345 988 cam
365 940 404 987 se
419 914 665 986 contraxisset
687 915 946 1012 exiguitatem,
965 917 1125 1014 ‹et-siqua
1142 934 1280 1016 praete·

262 1057 327 1106 rea
335 1029 561 1129 corpuscula
570 1030 705 1102 similia
715 1027 885 1116 merant,
903 1033 1061 1104 omnino
1076 1034 1278 1108 interdum

255 1163 465 1250 potuerant
477 1149 680 1220 evanuisse.
697 1152 777 1220 Hoc
795 1151 959 1238 monito,
979 1174 1058 1222 non
1069 1150 1182 1222 modo
1198 1152 1276 1224 tibi

262 1267 549 1341 admemoriam
571 1265 749 1338 reducam
780 1291 907 1340 senem
933 1265 981 1338 de
1007 1293 1085 1366 quo
1110 1269 1277 1366 epistola

262 1384 394 1486 scripsi
410 1370 473 1454 XL
489 1382 559 1480 (1),
584 1385 624 1454 iu
651 1384 760 1480 cujus
789 1383 905 1466 altera
930 1385 1092 1481 vaginali
1116 1383 1275 1458 turbida

261 1519 360 1600 aqua
381 1516 460 1574 erat
477 1525 556 1574 non
580 1525 716 1599 pauca,
736 1500 1017 1574 subrotundum
1039 1507 1161 1574 autem
1181 1527 1277 1576 cor-

253 1618 713 1726 ·pusculum,'albngineae
745 1619 943 1707 concolor,
979 1643 1025 1690 ex
1059 1619 1128 1692 hac
1144 1644 1274 1718 prope

259 1738 416 1840 globum
436 1735 700 1838 epididymidis
719 1737 901 1832 majorem
921 1736 1161 1834 prominebat
1178 1764 1187 1826 ;
1207 1763 1275 1812 ve·

258 1881 343 1928 rum
362 1857 517 1952 insuper
534 1853 610 1925 huc
624 1852 718 1926 duas
732 1853 821 1926 alias
842 1853 1053 1927 adscribam
1070 1854 1272 1944 historiaS,

259 1997 422 2072 quarum
441 1971 557 2042 altera
583 1971 693 2041 simul
721 1970 830 2068 plura
858 1968 1059 2052 confirmet
1088 1995 1169 2044 esse
1195 1997 1270 2070 po-

259 2095 374 2164 tuisse
392 2087 629 2186 corpuscula,
650 2087 765 2160 altera
785 2087 956 2160 ostendat
981 2071 1055 2186 qua
1075 2089 1269 2163 interdurn

259 2211 405 2280 ratione
423 2221 687 2305 prosectorum
702 2206 831 2278 oculos
848 2208 993 2304 possint
1013 2203 1192 2305 effugere.
1263 2199 1271 2278 ‚⁴

310 2329 522 2414 24.Sene1n
546 2325 729 2396 rusticum
757 2325 796 2394 in
822 2323 896 2394 hoo
927 2327 1150 2398 nosocomio
1181 2325 1269 2409 tho-

258 2445 353 2516 racis
374 2440 542 2539 hydrops
566 2438 779 2516 confecerat
805 2465 850 2512 eo
870 2455 1043 2554 tempore
1071 2467 1149 2538 quo
1174 2443 1268 2520 mihi
1368 2471 1369 2478 ¹

254 2561 427 2660 januario
450 2583 580 2630 mense
606 2560 696 2630 anni
724 2558 835 2655 1731,
866 2557 1028 2656 publica*
1049 2562 1266 2658 incipienda

259 2694 339 2752 erat
357 2693 542 2748 anatome.
564 2680 698 2773 Itaque
723 2677 804 2770 ejus
831 2676 989 2748 cadaver
1015 2679 1054 2750 in
1078 2679 1264 2759 theatrum

256 2798 401 2870 illatum
421 2810 495 2884 est,
516 2810 553 2866 et
577 2819 656 2891 quo
681 2819 751 2890 par
771 2808 852 2882 est,
880 2793 1015 2866 ordine
1034 2795 1261 2871 dissectum:
1368 2781 1369 2842 i

257 2937 475 3014 quanquam
491 2912 553 2983 hic
569 2936 749 3008 quoque,
768 2926 811 2983 ut
832 2913 871 2982 in
888 2909 1060 2984 bubulco
1081 2913 1170 2999 feci,
1184 2942 1262 3014 qua·

256 3033 363 3136 prius
393 3031 601 3102 examinata
629 3045 738 3116 sunt,
769 3030 979 3126 posteriore
1008 3030 1095 3102 loco
1122 3032 1261 3104 descri-

255 3150 354 3222 bam.
374 3147 558 3218 Thoracis
581 3169 679 3242 aqua
708 3145 863 3235 educta,
889 3146 1092 3244 pulmones
1119 3151 1260 3224 inventi

159 3263 162 3272 ’
212 3249 215 3266 ’
255 3282 344 3340 sunt
362 3263 530 3352 flaccidi,
551 3277 587 3332 et
600 3261 696 3332 male
713 3259 847 3360 affecti
872 3267 946 3336 Cor
966 3290 1045 3335 non
1062 3267 1166 3338 item.
1188 3267 1260 3343 Ab·

254 3385 409 3456 domine
424 3381 600 3468 diducto,
620 3394 755 3477 praeter
779 3405 822 3452 ea
841 3381 888 3454 de
911 3383 1258 3481 appendiculaver·

205 3523 208 3532 ’
253 3499 436 3586 miformi,
463 3496 510 3568 de
543 3496 689 3567 valvula
718 3496 897 3588 Bauhini,
929 3498 978 3572 de
1001 3499 1192 3595 jecinore,
1220 3517 1257 3576 et

250 3615 368 3705 liene,
387 3639 470 3712 qnae
490 3607 577 3685 cum
597 3614 683 3688 satis
700 3613 861 3687 indicata
888 3617 963 3689 sint
984 3619 1142 3716 epistola
1166 3643 1252 3692 ana*
1367 3667 1368 3696 t

283 3989 327 4070 (u)
346 3991 384 4048 N.
407 4007 455 4047 aa.
467 3989 537 4048 vid.
550 3999 580 4047 et
593 3990 688 4066 Epist.
703 3991 757 4064 64,
774 4011 804 4047 n.
821 4011 849 4062 7.
