2740 4670
117 492 184 538 sia.
215 491 273 536 111.
301 490 346 535 nn
373 487 510 536 nonnis
534 483 712 551 venetus,
732 489 843 536 misr.
870 491 975 538 xt111.
1004 465 1075 562 369

72 602 302 675 existimabo.
334 607 380 676 Et
414 601 559 673 dehac
590 603 847 674 controversia
880 603 1074 680 hactenus,

74 724 179 792 Nunc
198 721 248 791 ad
268 722 392 817 ipsum
411 718 552 789 herniae
572 719 763 790 sacculum
782 734 1021 792 transeamus.

121 837 152 908 8.
175 838 377 908 Saeculum
392 861 437 907 ex
457 835 578 906 laxato
595 837 800 932 peritonaeo
816 862 893 907 non
914 861 993 909 esse
1007 839 1078 908 hu„

73 955 130 1050 jus
164 979 409 1052 processum,
437 969 480 1024 ut
510 953 599 1023 olim
629 947 835 1025 credebarst
867 953 1079 1044 dilatatum,

77 1071 179 1140 ilium
210 1071 388 1142 videlicet
411 1095 524 1166 quem
550 1095 593 1139 ex
617 1072 701 1167 ipso
724 1073 866 1143 ventris
887 1097 976 1145 cavo
997 1099 1083 1144 vasa

79 1190 300 1285 spermatica
314 1189 502 1285 excipere,
520 1201 557 1256 et
573 1186 651 1258 haec
666 1190 905 1287 comitatpm,
923 1192 963 1260 in
982 1193 1083 1289 vagi-

80 1306 199 1376 nalem
210 1306 366 1377 demum
379 1311 546 1375 tunicam
563 1328 600 1375 se
621 1329 658 1375 se
679 1305 1083 1401 expandere‚,arbitra-

82 1421 217 1494 bantur
227 1423 289 1493 vel
304 1437 547 1522 posteaquam
566 1425 584 1490 J
589 1445 622 1489 o.
639 1420 833 1492 Fernelius
849 1424 904 1518 (t)
919 1425 1082 1497 dilucide

83 1538 193 1627 adeo,
212 1563 428 1638 procorum
441 1535 616 1610 vasorum
631 1563 780 1634 egressu
793 1539 976 1636 perforari
990 1546 1085 1639 peri-

85 1669 242 1729 tonaeum
271 1656 509 1728 dedocuerat.
541 1654 613 1732 Sed
642 1679 774 1726 verum
803 1658 891 1727 vicit
920 1652 1085 1755 denique

86 1795 213 1870 opera,
242 1791 281 1845 et
309 1775 557 1846 consensione
585 1772 868 1870 diligentiorum
892 1793 1086 1871 prosecto-

87 1913 186 1978 rum,
206 1891 435 1988 quibuscum
458 1905 499 1961 ut
519 1889 695 1961 Valsalvae
717 1906 754 1961 et
771 1915 860 1962 meae
887 1894 926 1962 in
945 1893 1087 1966 herniis

90 2005 367 2081 observationes
382 2009 632 2093 conveniant,
651 2007 799 2078 relectis
814 2035 896 2105 quae
913 2011 1026 2107 paulo
1036 2010 1089 2080 fu-

90 2123 158 2195 sius
172 2124 368 2224 descriptae
386 2141 494 2213 sunt,
519 2125 631 2223 plane
649 2107 845 2223 intelliges.
868 2128 963 2199 Vide
985 2130 1086 2198 enim

92 2242 240 2336 epistola
258 2247 414 2316 XXXIV
424 2242 496 2341 (a),
510 2259 553 2313 ut
570 2243 706 2314 diserte
721 2259 832 2342 neget
845 2245 1034 2316 sacculum
1044 2271 1088 2315 ex

92 2380 265 2451 processu
285 2358 424 2432 i'actum
444 2357 557 2431 fuisse
570 2361 783 2457 peritonaei3
802 2377 845 2431 ut
861 2361 949 2432 oiim
964 2363 1090 2436 crede-

94 2470 196 2565 bant,
227 2481 293 2576 qui
311 2503 397 2550 vasa
414 2479 636 2576 spermatica
656 2478 877 2566 comitatur,
898 2480 975 2550 imo
999 2481 1089 2552 huic

94 2597 297 2686 processui,
328 2597 420 2684 aiat,
450 2619 472 2665 a
501 2597 696 2692 superiore
723 2609 828 2691 parte
862 2597 1087 2670 incubuisse.

93 2710 215 2808 Itaque
229 2715 270 2782 in
288 2716 408 2811 prima
419 2712 478 2810 (3)
494 2713 539 2784 de
559 2712 680 2783 tribus
697 2736 790 2809 quas
812 2713 1093 2809 supratibi'des·

96 2828 301 2925 cripsimus,
321 2830 665 2916 observationibus,
681 2855 769 2900 cum
788 2821 983 2901 omentum
993 2833 1092 2904 intra

92 2955 281 3044 proprium
296 2949 501 3035 sacculum,
519 2973 564 3019 ex
580 2950 784 3045 peritonaeo
805 2945 964 3032 factum,
980 2947 1092 3020 fuisse

97 3063 250 3161 scripsit,
266 3067 445 3138 nimirum
464 3068 660 3164 proprium
679 3065 792 3152 dixit,
810 3080 888 3134 uta
914 3089 1094 3161 processu

100 3180 158 3272 qui
177 3185 390 3254 communis
406 3185 516 3254 etiam
537 3185 631 3254 vasis
644 3180 792 3267 fuisset,
819 3183 1001 3252 continuo
1019 3183 1095 3255 dis-

101 3294 356 3394 tingueremus.
376 3303 454 3397 Ego
472 3323 563 3371 vero
582 3302 713 3398 saepius
731 3324 811 3370 rem
830 3300 879 3370 ita
892 3304 1096 3397 proposui,

103 3424 141 3481 ut
154 3413 461 3517 interpretatione
480 3442 559 3494 non
580 3420 626 3490 sit
643 3441 753 3514 opus.
766 3417 823 3487 Sic
838 3417 994 3513 epistola
1009 3421 1096 3514 vm)
1177 3443 1180 3449 “
