2746 4674
144 470 209 514 nin.
237 461 293 514 nr.
323 461 369 513 nr
396 457 727 532 monisterium,
754 467 864 515 nnlsr.
892 471 949 514 xn.
983 443 1048 515 155

55 581 148 652 nnde
162 598 284 652 meam·
303 578 530 650 confirmare
550 602 698 678 possein
716 582 968 679 suspicionem
985 597 1049 653 aut

57 699 218 794 abjicere.
237 699 372 769 Vidisti
383 700 422 767 in
434 719 517 767 mea
532 697 794 770 observatione
807 699 858 795 (1)
873 700 1048 772 altissime

10 819 11 824 ’
57 829 238 888 excavatas
254 814 365 888 fnisse
380 815 593 904 vertebras,
610 817 651 886 in
666 807 917 889 alternantem
935 843 980 888 ex
998 819 1053 886 in·-

59 932 180 1004 dieatis
209 932 534 1004 observationibus
561 933 655 1004 adeo
689 955 880 1021 corrosas,
911 948 954 1004 ut
979 933 1052 1004 levi

57 1049 124 1119 ictu
142 1047 265 1146 frangi
288 1051 454 1148 potnerit
473 1052 597 1148 spina,
615 1051 654 1120 in
674 1051 744 1122 hae
766 1067 889 1122 antem
919 1051 1051 1121 ultima

60 1181 136 1262 post
154 1167 390 1255 erosionern‚
415 1165 536 1266 reipsa
564 1157 727 1240 fractior.
749 1169 928 1267 Intelligis
959 1164 1052 1266 quid

61 1299 99 1353 en
129 1303 212 1356 rnen
244 1287 421 1383 suspicer.
452 1290 498 1357 At
524 1285 617 1358 illud
644 1305 746 1359 extra
777 1285 1053 1385 suspicionem,

61 1423 78 1469 a
102 1417 238 1499 magno
265 1417 549 1500 aneurysmate‚
571 1405 685 1502 spinae
711 1403 943 1488 adhaerente,
978 1402 1053 1472 hoc
1100 1375 1106 1414 ¹

62 1518 159 1588 etiarn
183 1531 317 1617 praeter
330 1533 460 1592 cetera
470 1520 693 1592 detrimenta
704 1533 740 1592 et
752 1519 919 1618 pericula
930 1516 1054 1590 afferri

64 1651 183 1730 posse,
199 1647 243 1708 ut
258 1639 363 1734 spina
377 1633 588 1736 frangatnr;
608 1658 686 1707 non
706 1637 867 1708 rn'ultum
888 1638 987 1707 enim
1015 1611 1053 1706 iis

65 1754 209 1824 Cisiario
223 1765 356 1826 nostro
367 1755 515 1843 deerat,
534 1769 575 1825 ut
592 1765 726 1852 posset.
745 1753 887 1826 Verum
902 1777 950 1824 ne
961 1752 1056 1824 forte
1154 1759 1157 1764 ’

67 1872 184 1942 eredas
204 1873 438 1970 suspiciones
455 1894 586 1944 omnes
601 1873 758 1944 measin
779 1871 1057 1944 observationes

68 1989 238 2060 duntaxat
248 1985 382 2062 cadere
397 2013 479 2088 quae
494 1993 531 2061 in
546 1991 793 2089 Sepulchreto
810 2002 973 2078 exstent,
988 1990 1060 2060 ins·

70 2108 139 2202 pice
154 2125 236 2178 eam
256 2111 386 2180 saltem
407 2133 488 2207 quae
508 2111 605 2180 inter
617 2109 705 2180 alins
721 2131 741 2179 a
760 2111 843 2179 viro
855 2108 1059 2179 clarissimo

72 2225 186 2297 moltis
211 2239 297 2322 post
319 2225 412 2296 illud
434 2190 568 2298 iierum
592 2225 733 2296 editum
762 2226 869 2296 annis
892 2224 1059 2320 vulgata,

73 2338 256 2440 relpotins
267 2355 450 2440 quantum
468 2367 510 2414 ex
522 2341 620 2414 Actis
633 2344 831 2414 Helvetieis
841 2341 917 2440 (α),
931 2342 968 2410 in
983 2341 1063 2438 qui·

74 2455 134 2531 bus
153 2461 458 2533 eadem·historin
475 2475 546 2545 est,
565 2459 936 2558 intelligerevideor,
953 2475 1062 2528 recu⁶

75 2598 124 2664 sa,
144 2593 332 2650 tumorem
357 2581 396 2648 in
416 2579 531 2649 latere
547 2571 764 2648 lumborum
782 2591 819 2647 et
841 2575 1064 2673 hypochon-

75 2691 148 2766 drio
170 2697 324 2766 sinistro
342 2697 569 2766 eminentem
595 2693 707 2766 fuisse
727 2694 838 2764 docet
863 2717 888 2761 α
908 2710 1065 2789 corpore

77 2816 220 2882 immoni
229 2859 238 2901 ,
265 2817 423 2908 ingenti,
445 2811 620 2909 globoso,
639 2827 761 2897 tensa,
785 2810 999 2899 totnmfere
1016 2813 1066 2876 si-

79 2935 221 3001 nistrum
240 2929 451 3023 abdominis
468 2930 566 3000 intus
586 2943 810 3028 occupante,
823 2925 929 3026 ¹quod
944 2945 1066 2995 exsec·

78 3057 144 3115 tum
159 3063 196 3118 et
208 3033 361 3144 rfipturn
377 3047 599 3138 effundebat
613 3065 789 3142 inagnam
805 3099 814 3130 ,
839 3065 916 3140 qna
937 3041 1068 3140 opple*

79 3163 176 3234 batnr
195 3171 337 3235 cruoris
341 3167 450 3256 furni
469 3169 618 3262 copiam
634 3165 852 3234 substantiae
861 3162 1069 3258 flavescen-

82 3285 131 3364 tii,
143 3288 372 3380 spongiosos,
388 3280 605 3352 lameilneim
622 3282 694 3352 sibi
705 3279 954 3351 incumbentis.
969 3279 1069 3368 Quo·
1131 3369 1132 3372 Ἴ

81 3398 168 3468 niam
184 3415 310 3470 alitem
323 3420 391 3470 ren
402 3400 551 3471 sinister
565 3398 653 3469 huie
665 3398 837 3495 corpori,
853 3396 956 3493 quod
968 3411 1005 3468 et
1017 3397 1072 3493 ip·

82 3530 153 3584 sum
172 3497 283 3614 pone
295 3505 487 3588 sinistrum
513 3517 586 3587 coli
608 3517 777 3587 intestini
793 3530 955 3586 tractum
971 3515 1073 3585 loca·

83 3627 182 3702 batur
191 3635 288 3704 intra
302 3635 579 3732 duplicatnrarn
592 3634 785 3732 peritonaei
794 3628 945 3705 externe
960 3629 1075 3701 ndhae-

121 3915 157 3994 (ι)
178 3923 213 3976 Ν.
238 3921 284 3976 26.

122 4014 161 4094 (n)
181 4023 263 4076 Tem.
279 4023 303 4076 Ι.
