2740 4670
316 389 386 462 320
477 413 524 458 nu
550 411 695 458 sumnus
721 412 764 456 ur
790 411 914 464 crusis
940 413 1149 484 rionnontnr
1222 453 1226 462 .

315 527 489 611 durities,
518 540 555 595 et
581 540 709 594 tuinor
734 523 932 596 catheteris
949 549 1058 597 usum
1077 528 1298 625 prohibeant.

313 647 403 734 Quae
419 667 504 713 cum
526 665 620 738 saepe
639 641 719 712 aliis
733 656 770 718 ct
788 666 1064 740 nonnunquam
1081 644 1225 714 mihiin
1239 669 1300 714 mc·

312 760 437 832 dicina
471 758 640 830 facienda
674 759 932 847 occurrerint;
959 774 1039 832 tum
1057 745 1242 834 ‘Valsalvae
1267 763 1297 830 in

313 880 437 976 equite
456 871 662 960 occurriss'e
684 875 794 948 video
811 900 881 975 pro
908 901 985 973 quo
1004 878 1205 950 consilium
1224 881 1298 950 scri-

312 994 407 1066 bens
441 1018 541 1063 anno
574 998 666 1089 1714
688 993 902 1090 respondit,
934 995 965 1064 si
1000 993 1095 1066 sorte
1125 995 1296 1090 ejusmodi

313 1113 505 1208 contingat
527 1111 761 1208 suppressi0,
781 1135 850 1181 nec
869 1111 961 1182 lotio
982 1111 1190 1182 naturalem
1213 1113 1294 1182 viam

313 1253 478 1301 reserare
508 1227 636 1314 liceat;
661 1227 766 1324 quod
791 1228 853 1298 atii
885 1227 1170 1326 proponebant,
1199 1229 1243 1300 ab
1266 1254 1295 1298 se

312 1371 465 1444 quoque
493 1344 669 1444 probari,
693 1360 736 1416 ut
759 1341 859 1416 ferro
887 1370 955 1443 per
986 1347 1191 1443 perinaeum
1222 1348 1294 1418 scite

313 1463 465 1554 adacto,
482 1487 617 1534 novam
636 1463 833 1559 aperirent.
853 1464 952 1553 Quin
969 1463 1064 1534 illud
1078 1462 1293 1562 insuperad·

313 1580 442 1669 debat,
463 1581 493 1652 si
511 1579 603 1676 quid
631 1575 726 1648 forte
752 1579 790 1649 id
817 1577 937 1651 facere
961 1579 1202 1678 prohiberet,
1227 1598 1291 1650 tum

312 1701 528 1772 necessitate
543 1712 720 1795 urgente,
737 1695 867 1766 eadem
885 1721 954 1768 acu
970 1722 1038 1795 per
1050 1721 1165 1794 quam
1176 1697 1293 1794 hydro

222 1848 225 1855 ¹
310 1819 403 1916 picis
416 1840 513 1913 aqua
530 1815 731 1902 emittitur,
751 1815 933 1885 continuo
954 1827 1067 1912 supra
1083 1815 1196 1914 pub'is
1212 1840 1290 1904 ossa,

311 1935 465 2031 oblique
491 1933 666 2004 deorsum
694 1931 740 2002 ad
762 1915 1128 2020 vesicam'demissn
1159 1935 1288 2006 urinam

310 2077 420 2150 posse
455 2050 625 2121 evocari:
647 2048 749 2144 quod
777 2049 955 2122 adnotare
979 2051 1102 2138 volui,
1132 2067 1173 2122 ut
1196 2053 1288 2138 scires

310 2169 399 2266 quid
418 2169 498 2266 ipse
515 2191 665 2264 quoque
692 2166 738 2238 de
755 2182 912 2263 utraque
927 2166 997 2239 hac
1013 2171 1168 2240 sentiret
1182 2170 1290 2266 opitu-¹

310 2285 412 2356 landi
442 2285 605 2371 ratione,
629 2285 659 2355 si
678 2285 787 2356 urina
806 2283 911 2354 aliter
935 2283 1044 2356 educi
1065 2301 1240 2382 nequeat,
1255 2297 1286 2354 ut

307 2405 394 2501 aegri
416 2403 557 2474 interea
582 2403 655 2472 vita
675 2415 863 2490 servetur,
883 2400 973 2471 dum
999 2427 1059 2472 ars
1079 2418 1145 2474 aut
1170 2418 1284 2474 'natura

306 2522 506 2622 pristinum
539 2535 705 2590 reserent
733 2520 849 2589 urinae
875 2519 956 2590 iter.
982 2522 1097 2606 Nam,
1126 2520 1226 2616 quod
1249 2517 1284 2588 ed

305 2640 550 2739 punctionem
568 2639 699 2708 attinet
717 2637 755 2706 in
774 2636 1038 2733 hypogastrio,
1059 2637 1158 2709 hanc
1175 2643 1283 2708 Petro·

306 2759 385 2856 poli
412 2761 451 2827 in
479 2753 643 2853 quodam
674 2755 791 2825 milite
818 2757 1047 2836 institutam,
1071 2753 1282 2828 We'itbrech·

306 2890 366 2946 tus
378 2875 432 2968 (ι)
451 2875 605 2945 Goetzio
620 2873 766 2969 scripsit
785 2870 1007 2942 anonnullis
1016 2871 1229 2960 laudatam,
1245 2871 1283 2940 ab

306 2993 390 3064 aliis
406 2991 516 3064 fuisse
534 2996 803 3088 vituperatum,
823 3013 937 3086 seque
949 2990 989 3062 id
1007 2989 1191 3088 chirurgis
1206 2989 1281 3082 diju-

307 3109 509 3180 dicandum
530 3109 764 3203 relinquere,
783 3133 871 3176 num
888 3107 972 3178 ,haec
987 3107 1179 3178 methodus
1198 3110 1281 3176 vitu·

296 3235 448 3326 peritam
470 3251 520 3296 an
543 3223 691 3294 laudem
710 3239 745 3292 et
769 3229 1011 3294 imitationem
1033 3240 1236 3294 mereatur:
1253 3232 1280 3288 et

296 3359 405 3414 certe
421 3345 583 3414 multum
601 3343 768 3413 levamen
787 3366 856 3439 per
872 3340 1001 3412 decem
1021 3341 1099 3412 dies
1110 3341 1278 3420 attulerat,

305 3459 425 3532 donec
444 3461 616 3532 videlicet
633 3460 710 3529 atiae
728 3474 872 3556 partes,
894 3474 930 3529 et
956 3459 994 3528 in
1012 3456 1069 3529 his
1089 3483 1167 3555 quae
1181 3457 1278 3526 urinae

304 3603 455 3676 quoque
473 3577 746 3674 suppressionis
765 3600 874 3648 causa
886 3574 1278 3668 fuerant,interituspe·
1355 3599 1358 3756 p

304 3785 1267 3814 ...Μ
1353 3778 1356 3803 1

345 3953 386 4035 (1)
409 3959 572 4012 Commerc.
589 3954 678 4008 litter.
689 3970 737 4008 an.
754 3953 843 4025 1733,
858 3951 947 4010 hebd.
961 3971 976 4010 2
985 3993 993 4024 ‚
1011 3971 1040 4006 n.
1051 3971 1082 4012 a.
