2810 4668
162 441 231 490 ma.
261 441 317 489 111.
346 441 392 488 nr
418 437 882 518 nona1svrnrn1s,ar1sr.
909 441 1006 488 xmu.
1042 415 1115 515 569

103 581 181 654 que
211 553 522 654 vespertilionum
548 580 555 622 :
583 567 696 626 testes
714 569 839 625 autem
859 553 1057 644 skirrhosi,
1077 571 1115 629 et

102 672 304 772 superficie
324 673 433 770 quasi
454 673 494 742 in
515 670 680 743 tessellas
705 671 831 745 divisa.
854 645 971 743 Tunc³
981 687 1113 773 aperto

101 794 204 865 uteri
218 790 358 880 fundo,
378 805 414 862 et
430 783 607 888 'suprema
621 790 801 887 proximae
816 792 973 888 cervicis
988 805 1115 890 parte,

70 973 72 978 .
101 906 344 1007 superficiem
362 906 462 978 illius
487 906 666 978 coccineo
689 907 835 996 colore,
850 907 964 1004 hujus
981 933 1029 978 ne
1048 933 1113 978 ru-

98 1027 282 1100 bescente
300 1025 455 1124 quidem
478 1022 762 1096 adnimadverti.
784 1029 829 1094 In
850 1025 916 1095 illo
936 1028 1012 1096 sive
1032 1037 1114 1122 pos

100 1146 261 1232 teriora,
283 1145 368 1236 'sive
395 1143 584 1215 anteriora
610 1156 823 1240 spectares,
854 1145 1120 1215 excrescentiae.

86 1265 257 1360 inerant
279 1261 517 1350 humillima,
538 1237 617 1332 non
640 1259 792 1333 modico
807 1275 933 1332 tamen
949 1260 1117 1347 ambitu,

98 1381 241 1480 planae,
272 1395 309 1451 et
341 1381 404 1451 vir
424 1379 523 1452 ultra
555 1376 792 1478 superficiem
823 1377 1009 1483 demissae,
1031 1405 1115 1477 quae

52 1593 58 1606 ὁ
97 1501 206 1570 intus
223 1513 403 1596 emaque
424 1497 551 1569 colore
568 1497 686 1595 magis
707 1492 813 1567 lusco
834 1520 949 1592 quam
967 1495 1134 1593 reliqua.
1242 1527 1243 1532 ¹

99 1614 339 1714 superficies,
368 1613 565 1686 rubebant.
593 1617 711 1685 Porro
735 1629 777 1684 ut
794 1613 899 1711 quod
921 1613 1113 1710 reliquum

99 1749 183 1805 erat
197 1734 351 1805 cervicis
364 1733 666 1831 introspicerem,
682 1757 768 1804 cum
785 1747 988 1828 antequam
1004 1729 1043 1800 id
1056 1753 1115 1801 se·r

102 1877 255 1939 carem,
281 1845 477 1952 s'pecsslum
504 1867 616 1924 tenue
643 1875 664 1923 a
682 1847 805 1924 fundo'
824 1851 923 1928 uteri
943 1847 1133 1931 osculum¹

97 1993 233 2042 versus
253 1969 508 2059 demitterem3
534 1969 732 2042 transitum
743 1968 791 2039 ad
803 1968 879 2040 hoc
895 1971 974 2037 non
988 1979 1115 2064 patere

101 2089 214 2180 sensi.
246 2091 378 2185 Itaque
402 2089 518 2160 incisa
545 2087 697 2187 iagina,
720 2087 929 2183 osculoque
950 2097 1116 2171 retecto,

102 2227 192 2276 cum
214 2205 409 2302 specillum
430 2229 477 2277 ne
495 2205 599 2276 illinc
612 2203 768 2303 quidem
786 2204 996 2294 immissum
1012 2213 1117 2274 tran‘-

1 2365 2 2370 =
102 2325 212 2411 siret;
233 2322 450 2422 diligentius
465 2324 697 2421 inspectans,
713 2323 886 2394 osculum
900 2320 996 2410 vidi,
1009 2320 1117 2416 cujus

1 2491 2 2522 2
99 2442 327 2539 prominens
344 2465 486 2513 corona
507 2440 718 2518 secundum
744 2454 917 2510 naturam
940 2463 977 2510 se
999 2437 1116 2510 habe-

98 2561 186 2648 bat,
216 2561 287 2631 nisi
308 2558 413 2658 quod
442 2582 559 2657 parvo
578 2554 678 2631 infra
699 2557 871 2629 osculum
893 2558 1013 2654 spatio
1036 2581 1119 2627 cor-

100 2678 341 2776 rugationem
361 2679 469 2775 quasi
486 2678 651 2774 aliquam
670 2673 903 2768 ostendebat.
933 2673 1118 2745 Osculum

104 2797 232 2893 ipsum
265 2811 568 2893 perangustum,
586 2809 623 2865 et
651 2793 784 2865 circuli
809 2793 967 2862 omnino
987 2789 1118 2868 forma.
1172 2843 1174 2848 -

104 2915 204 2982 Cum
234 2911 543 3012 introspicerem,
571 2911 708 3008 exiguo
743 2909 894 3007 abipso
920 2909 1120 2982 intervallo

102 3029 229 3103 oculis
248 3054 286 3101 se
307 3031 448 3127 objecit
467 3027 729 3103 membranula
746 3026 889 3112 albida,
906 3029 1031 3127 ipsum
1047 3023 1121 3122 for·

102 3130 203 3220 lasse
214 3164 420 3238 coarctans,
436 3163 538 3222 certe
556 3144 786 3219 occludens:
806 3170 926 3244 eaque
944 3146 1020 3216 sive
1039 3144 1123 3216 des-

101 3266 304 3358 cendenti,
328 3268 405 3339 sive
424 3265 643 3340 ascendenti
663 3263 820 3362 specillo
837 3261 1020 3336 obstabat.
1041 3266 1120 3334 Nec

101 3411 197 3458 vero
214 3385 260 3456 ad
277 3385 443 3457 valvulas
463 3401 542 3456 erat
560 3378 758 3454 referenda
776 3405 869 3479 quas
886 3381 975 3454 alias
996 3378 1055 3479 (1)
1077 3382 1117 3452 in

104 3503 252 3575 cervice
269 3503 428 3600 virginei
440 3501 539 3574 uteri
556 3497 761 3588 delineari;
777 3524 902 3596 neque
919 3500 1021 3572 enim
1038 3498 1120 3572 illa·

103 3645 191 3692 rum
212 3621 367 3717 singulae
386 3622 459 3694 nisi
482 3644 525 3692 ex
548 3631 655 3717 parte
679 3619 865 3690 cervicem
887 3616 1120 3706 occludunt,

145 3995 192 4076 (ι)
211 3998 337 4056 Advers.
355 4009 434 4058 arat.
453 3949 486 4076 ι,ι
509 3999 568 4075 tab.
581 3997 613 4060 3.
665 4049 669 4060 .
768 4009 771 4016 '
