2810 4668
161 475 229 520 mn.
257 471 313 520 111.
342 473 388 520 ιιιι
414 471 740 535 taurustaurus,
765 467 877 518 amsr.
905 465 1000 515 xtvt.
1030 437 1100 512 585

94 603 335 683 argumenta,
354 587 400 657 ab
425 586 603 658 Nabotho
620 565 776 684 quoque
791 583 862 680 (t),
892 599 926 654 et
949 580 995 650 ab
1022 579 1103 650 aliis

99 703 192 773 olim
211 705 414 793 inculcata,
433 729 512 775 non
531 705 647 775 modo
673 706 744 776 scis
769 723 882 800 quam
904 704 977 772 sint
997 697 1104 767 facile

98 821 241 908 soluta,
260 822 324 923 sed
342 838 379 892 et
399 824 468 894 alia
486 849 563 893 non
582 823 695 920 paulo
723 826 762 893 in
787 820 946 919 speciem
969 813 1103 887 diffiei-

98 937 213 1027 liora,
235 955 276 1010 ut
293 963 377 1010 curn
399 938 536 1012 &mina
557 940 727 1036 quaedam
755 939 903 1036 objecta
931 949 1003 1018 est,
1024 955 1105 1028 quae

100 1079 221 1127 cuma
239 1057 403 1154 longiori
417 1073 587 1156 tempore
598 1083 678 1128 non
696 1073 791 1129 esset
808 1043 1105 1154 gravida,'quam

98 1189 143 1244 ut
164 1171 344 1246 loetusvix
358 1177 506 1278 tertiam
519 1155 662 1276 partem
681 1189 845 1272 aequaret
858 1168 1105 1270 longitudinis

99 1293 248 1362 minimi
268 1293 391 1389 digiti,
418 1307 623 1390 utrumque
642 1309 767 1365 tamen
786 1279 918 1363 te'stem
938 1283 1107 1359 skirrho-

101 1433 184 1480 sum
196 1409 369 1482 habebat.
392 1413 484 1483 Satis
500 1414 599 1482 enirn
619 1427 674 1483 est
693 1427 734 1482 ut
755 1435 840 1481 cunt
860 1407 999 1480 femina
1018 1395 1108 1473 ion*-

102 1526 209 1623 cipit,¹
220 1527 324 1598 testis
337 1527 489 1600 alterius
505 1553 585 1599 non
603 1509 729 1599 minor
738 1525 922 1626 particula
938 1513 1107 1605 sana'sit,

102 1668 217 1741 quam
245 1671 328 1740 quae
356 1645 539 1718 adunam
572 1662 756 1717 maturam
790 1642 1012 1725 vesiculam,
1033 1637 1109 1708 sive

102 1763 231 1860 potius
252 1763 297 1834 ad
314 1789 434 1834 unum
453 1779 641 1836 maturum
663 1771 849 1863 pertineat
860 1763 1005 1833 luteum
1024 1779 1110 1826 cor·
1215 1825 1219 1838 ,

103 1903 187 1978 pus.
219 1880 330 1971 Quod
355 1881 422 1952 ubi
449 1879 573 1953 officio
597 1880 839 1981 perfunctum
867 1893 922 1951 est
955 1901 1047 1962 su0,
1079 1873 1110 1943 si

103 1997 228 2093 ipsum
245 2025 418 2096 quoque,
436 1999 613 2072 dilatante
639 2027 677 2073 se
707 1999 862 2086 morb0,
882 1998 1055 2080 vitietur,
1073 2005 1110 2061 et

104 2113 165 2186 vel
191 2117 230 2186 in
248 2115 386 2187 skirrhi
407 2134 579 2189 naturam
600 2119 828 2218 degeneret,
857 2115 952 2187 nihil
977 2112 1017 2182 id
1035 2113 1113 2182 lau-

104 2230 199 2302 datae
217 2236 407 2305 sententiae
427 2233 553 2307 officit.
573 2238 705 2308 Vitiari
732 2251 855 2308 autem
876 2257 985 2332 posse
1011 2231 1111 2300 intra

103 2373 185 2420 non
202 2351 382 2447 plurimas
397 2351 676 2441 hebdomadas,
698 2355 839 2426 nedum
857 2355 955 2422 intra
973 2370 1111 2420 novem

107 2470 210 2566 ipsos
236 2471 451 2568 gestationis
481 2473 580 2541 uteri
607 2495 772 2557 menses,
799 2455 976 2566 quidest
1010 2462 1114 2563 quod

107 2611 273 2658 asserere
300 2587 527 2686 prohibeat?
548 2592 632 2679 Quo
650 2589 777 2686 ,magis
805 2584 1021 2657 mirandum
1040 2596 1115 2670 est,

110 2701 222 2776 fuisse
245 2705 348 2776 haud
374 2707 424 2777 ita
448 2697 595 2803 pridem
622 2708 687 2803 qui
704 2705 814 2777 tubas
833 2704 1015 2800 objiceret
1034 2701 1115 2771 sine

111 2820 293 2911 fimbriis,
309 2839 345 2893 et
356 2824 517 2894 ‘occluso
536 2839 691 2921 prorsus
715 2823 822 2921 quod
836 2797 935 2894 inter
946 2805 1021 2890 'has
1038 2831 1117 2903 est,

113 2939 261 3012 orificio
281 2943 319 3010 in
334 2932 492 3013 muliere
512 2941 558 3011 ab
579 2966 618 3013 se
638 2943 810 3013 inventas
828 2965 911 3039 quae
928 2953 1014 3010 ante
1031 2949 1118 3006 octo

115 3083 235 3130 annos
249 3057 461 3157 pepererat!
482 3061 692 3156 quasivero
711 3061 897 3131 sicnatam
914 3055 1026 3128 luisse
1045 3077 1119 3126 cre·

116 3175 207 3246 dere
222 3191 432 3273 oporteret,
455 3201 526 3248 nec
542 3179 669 3273 potius
688 3176 856 3248 amorbo
873 3201 951 3246 non
962 3173 1120 3268 antiquo

115 3295 162 3365 iis
179 3293 596 3392 particulismulctatanr
614 3319 711 3380 esse,
734 3294 936 3392 praesertim
948 3315 1032 3362 cum
1044 3285 1123 3357 bul-

115 3412 186 3481 bus
204 3411 341 3508 aliquis
346 3413 565 3509 pyrisormis
574 3463 586 3497 ,
597 3415 756 3482 materia
768 3407 969 3481 subalbida
977 3463 986 3495 ,
989 3401 1121 3503 fluida

116 3542 289 3625 turgens,
318 3553 431 3624 quarn
464 3550 534 3625 pus
569 3524 682 3600 fuisse
712 3526 891 3598 credibile
922 3540 1002 3614 est,
1037 3521 1122 3594 fim-

114 3644 285 3760 briarum
306 3646 433 3716 locum
449 3659 661 3740 occuparet.
687 3649 733 3714 At
756 3646 855 3715 enim
865 3645 1045 3740 fictiones
1070 3645 1124 3710 ιἰι·

109 3868 283 3893 ,........

158 4023 202 4104 (ι)
223 4025 308 4102 Disp.
324 4025 360 4083 de
373 4025 490 4084 sterilit.
504 4024 620 4085 mulier.
638 4042 668 4080 ιι.
687 4041 719 4082 ιι
733 4033 761 4080 et
778 4040 824 4079 ιι.
