2740 4670
147 418 217 464 nm.
238 416 294 464 ιιι.
322 413 369 462 nu
394 412 531 461 tronus
547 413 717 478 usurum,
742 413 852 461 nmsr.
881 417 969 462 xnu.
1009 393 1055 466 35
1064 421 1075 464 ι

73 529 266 612 redditos,
283 528 444 598 vesicam
462 540 587 598 autem
603 551 848 624 nequaquam
863 551 898 626 p
912 553 948 599 n.
962 533 1083 626 perfo-

75 664 210 718 ratam.
228 647 330 736 Quin
351 659 389 716 et
406 644 472 715 ubi
492 644 699 742 plurimum
711 643 793 714 lotii
810 645 850 715 in
862 648 981 717 vesica
993 662 1083 736 erat,

7 797 8 800 ¹
75 779 116 836 ut
135 765 176 834 in
196 789 243 836 eo
256 761 302 834 de
322 786 400 858 quo
417 759 590 832 Rhodius
603 759 658 857 (1)
678 759 826 850 scribit,
845 761 1007 834 uretliroe
1025 789 1082 835 ca·
1102 845 1103 853 ἵ

75 879 235 954 runcuta
262 877 356 948 illud
382 879 665 975 supprimente,
692 877 817 974 ipsum
842 877 997 976 quidem
1008 905 1085 978 per

74 1003 287 1070 intestinum
298 1007 440 1079 rectum
453 993 696 1092 clarestuxit,
712 994 778 1068 sed
791 1009 939 1068 tantum
950 995 1081 1085 donec,

74 1114 228 1188 sublata
247 1115 516 1199 obstructione,
534 1111 811 1184 adconsuetam
823 1118 928 1185 viam
946 1129 1084 1187 natum

75 1233 250 1322 ducerem
271 1247 314 1302 ut
338 1231 492 1302 minime
519 1230 771 1328 intelligamus
797 1233 993 1328 quomedo
1016 1259 1086 1332 per

74 1352 299 1422 intestinum
322 1346 440 1420 fluere
460 1348 620 1419 omniuo
643 1346 832 1436 desiisset,
854 1350 884 1420 si
903 1375 947 1420 ex
963 1351 1084 1440 vpsica

75 1467 122 1540 ad
142 1467 240 1540 illud
259 1467 317 1537 via
335 1480 471 1564 prater
486 1481 658 1536 naturam
678 1489 809 1562 reapse
835 1463 962 1540 fuisset
981 1491 1085 1565 aper·

75 1601 122 1658 ta.
149 1586 316 1656 Plurima
340 1584 484 1682 pariter
507 1584 546 1654 iu
567 1584 688 1654 uesica
714 1585 824 1680 pueri
849 1568 959 1654 urina
985 1603 1085 1674 erat,

76 1727 191 1802 quem
210 1729 255 1774 ex
275 1701 468 1773 Benivenii
485 1699 547 1798 (n)
555 1699 818 1774 observatione
836 1701 964 1798 plures
981 1726 1085 1772 com-

75 1834 308 1906 memorant3
335 1843 424 1906 nam
443 1819 603 1915 septimo
628 1818 704 1914 jem
727 1817 789 1890 die
809 1843 888 1890 non
915 1818 1087 1891 reddide·
1120 1842 1125 1850 ’

76 1953 158 2026 rat,
177 1961 264 2009 cum
291 1960 374 2008 eam
393 1935 546 2007 tandem
562 1961 605 2009 es
624 1959 697 2006 ano
721 1937 924 2008 evaeuavit.
946 1937 1017 2009 Sed
1038 1963 1084 2009 ne

76 2055 175 2128 forte
188 2054 321 2127 eredas
333 2053 381 2129 ah
395 2053 596 2126 Rhodiiset
614 2077 634 2124 a
649 2055 852 2126 Benivenio
865 2058 1087 2153 praetermis·
1123 2053 1127 2058 ’

77 2199 162 2248 sum
180 2197 259 2245 esse
280 2183 473 2270 superstes
493 2171 648 2268 aliquod
666 2174 980 2270 praeternaturalis
1000 2199 1086 2272 per·

77 2291 277 2364 iurationis
289 2289 492 2376 indicium,
512 2290 557 2360 cl.
570 2289 815 2388 Reusneri.(3)
829 2292 866 2363 in
881 2291 956 2362 ulio
965 2317 1086 2390 puero

78 2409 383 2483 observationem
395 2408 557 2505 perlege.
577 2407 734 2480 Videbis
747 2423 849 2480 certe
863 2409 959 2479 nihil
977 2412 1014 2482 in
1029 2437 1087 2484 ve.-

79 2530 156 2602 sica
177 2525 290 2598 luisse
316 2526 397 2598 lotii
423 2525 533 2624 quud.
556 2551 600 2596 ex
626 2549 668 2598 ea
692 2527 788 2597 viam
805 2529 840 2596 vi
860 2526 931 2600 sibi
950 2526 1089 2600 faceret·

79 2646 127 2718 ad
145 2646 387 2731 intestinum,
408 2659 448 2715 et
463 2659 588 2715 tamen
610 2645 769 2741 septimo
787 2644 959 2716 ischuriae
977 2671 1088 2718 rena-

78 2763 130 2836 lis
141 2762 204 2834 die
221 2768 371 2834 urinam
385 2761 531 2848 colore,
551 2759 686 2846 odore,
708 2767 920 2858 quantitate
937 2761 1091 2835 natum·

81 2879 153 2954 lem
163 2877 422 2965 aemulantem,
432 2901 505 2975 per·
515 2876 641 2948 alvum
653 2893 926 2950 excretamesse
935 2883 1090 2972 sinesoea

80 3023 164 3070 eum
183 2996 397 3068 alvinarum
415 3000 647 3081 eneretione,
665 2985 744 3068 sine
755 3002 859 3066 omni
870 2996 1002 3069 dolore
1022 3015 1092 3070 aut

82 3115 325 3201 altemtione,
345 3113 459 3211 idque
484 3138 552 3212 per
574 3112 659 3184 dies
673 3097 817 3210 aliquot
837 3130 894 3186 ter
912 3131 1090 3213 quaterve

83 3231 426 3331 quotidie,xdeuec
446 3246 603 3328 repente
625 3255 693 3328 per
717 3231 839 3304 colem
865 3233 1010 3305 reddita
1037 3249 1091 3306 est

83 3356 162 3422 sine
182 3355 286 3420 omni
300 3347 435 3422 dolore
452 3365 522 3419 aut
537 3349 692 3422 molesto
707 3365 967 3448 symptomate,
985 3367 1022 3424 et
1039 3357 1093 3431 siu

85 3467 247 3540 naturali
274 3467 388 3537 modo
409 3467 616 3564 perrexisse
634 3467 851 3537 mistionem
866 3471 976 3541 annis
992 3471 1094 3543 inse-

87 3584 302 3682 quentibus.
326 3584 433 3654 Haud
455 3585 542 3654 lieet
569 3585 682 3681 igitur
702 3609 853 3658 omnem
887 3589 1003 3658 urinae
1024 3613 1093 3686 per
1117 3621 1129 3636 2

159 3802 170 3883 )
193 3808 277 3861 Ceut.
297 3825 329 3874 ι,
344 3805 408 3860 obs.
420 3806 497 3862 med.
514 3823 562 3882 9⁰·

144 3825 154 3860 1

128 3804 170 3980 ln)
192 3903 237 3956 De
252 3902 344 3956 abdit.
359 3901 455 3956 morb.
472 3900 584 3970 causis,
603 3919 628 3956 c.
646 3919 672 3970 7.

131 3995 141 4074 l
162 3995 172 4072 l
194 3993 270 4070 EPh·
284 3997 321 4052 N·
337 3998 371 4052 C.
385 4007 462 4052 cent.
478 3994 514 4067 5,
533 3995 597 4051 obs.
616 3995 643 4050 3.
