2746 4674
275 403 342 450 112
434 399 481 444 m:
508 392 655 444 SEDIBUS
679 393 724 440 ΕΤ
750 392 875 442 causis
899 393 1110 447 HORBOEUM

275 537 388 613 quem
408 507 674 612 pertingebant
691 506 902 606 sanguifera
917 535 1022 602 vasa,
1046 513 1116 586 sub
1138 521 1288 592 cortice

271 647 394 706 autem
409 621 580 714 caveam,
599 649 713 723 quam
728 627 948 702 membrana
962 630 1169 706 admodum
1181 636 1289 708 laevi·

271 765 353 850 gata
374 743 646 831 convestiebat,
666 744 841 842 pluribus
860 749 1012 845 pertusa
1029 750 1287 828 foraminibus

273 867 428 939 adeum
447 864 627 934 corticem
642 863 945 960 pertinentibus,
965 881 1007 943 ut
1036 893 1093 940 ex·
1110 870 1187 943 boc
1211 897 1288 971 per

272 985 335 1056 illa
358 981 522 1054 defluere
539 982 579 1050 in
599 1005 748 1052 caveam
768 983 903 1054 lotium
926 985 1128 1060 videretur,
1152 995 1200 1062 In
1220 1017 1287 1064 ca·

270 1128 339 1175 vea
351 1101 489 1172 vermis
500 1098 638 1170 latebat
650 1114 727 1172 tres
736 1101 887 1174 circiter
898 1101 1006 1176 ulnas
1018 1106 1169 1204 longus,
1184 1129 1288 1183 cras·

271 1218 435 1292 situdine
451 1231 577 1288 autem
598 1216 729 1288 calami
752 1220 905 1316 majoris
923 1244 970 1292 ex
984 1223 1031 1294 iis
1047 1223 1189 1320 quibus
1206 1229 1287 1300 uti-

272 1359 357 1406 mur
373 1331 684 1406 adscribendum.
740 1323 754 1404 J.

322 1453 354 1524 8.
375 1450 515 1522 Redius
528 1449 581 1545 (ι)
597 1449 752 1547 quidem
771 1450 846 1522 hoc
857 1477 985 1526 verme
1002 1455 1042 1525 in
1062 1479 1154 1529 rene
1180 1483 1288 1534 cras·

274 1573 411 1658 sioreS,
432 1567 496 1640 sed
517 1592 597 1640 non
613 1592 717 1665 aeque
739 1567 875 1666 longos
898 1570 1051 1643 invenit.
1077 1575 1176 1646 Ulna
1201 1579 1287 1676 ipse

273 1704 310 1761 et
319 1685 590 1784 Kerckringius
602 1683 678 1782 (a),
692 1685 937 1759 Vallisnerius
949 1687 1005 1785 (3)
1018 1705 1185 1787 quatuor
1200 1694 1288 1791 pal·

272 1807 362 1894 mis,
381 1803 658 1876 Drelincurtius
677 1801 826 1875 duobus
845 1804 1007 1902 pedibus
1021 1805 1215 1906 longiores
1226 1809 1288 1882 of-

274 1923 499 2009 fenderunt3
517 1936 559 1992 ut
572 1919 742 1991 animalis
753 1943 834 1990 non
848 1924 1065 1996 crassissimi
1077 1924 1287 2026 longitudo

272 2042 447 2115 ulnarum
462 2041 611 2110 circiter
628 2040 744 2110 trium
760 2038 856 2110 mira
873 2042 1033 2114 nimium
1049 2045 1172 2118 videri
1190 2073 1288 2148 pos·

274 2159 337 2248 sit,
350 2157 424 2228 nisi
437 2179 524 2226 cum
544 2156 685 2227 mortui
703 2169 811 2227 aucta
828 2157 990 2230 multum
1007 2175 1078 2246 est,
1098 2177 1141 2234 ut
1152 2167 1290 2264 eg0(4)

213 2309 216 2314 ·
271 2277 312 2348 in
331 2274 403 2346 alio
420 2273 605 2345 vermium
621 2295 776 2371 genere,
797 2273 838 2344 in
858 2273 935 2374 hoc
955 2293 1080 2350 autem
1106 2281 1185 2378 ipse
1207 2287 1286 2358 Re-

272 2392 357 2466 dius
385 2388 491 2466 facile
519 2390 690 2470 accidere
719 2390 933 2484 adnotavit,
955 2411 1019 2468 aut
1043 2398 1151 2470 sicuti
1175 2401 1286 2498 apud

272 2507 569 2586 Drelincurtinin
585 2507 643 2605 (5)
662 2509 740 2584 duo
765 2506 919 2584 fuerunt
939 2537 1104 2610 quorum
1120 2516 1287 2593 ‘alterius

272 2645 438 2700 rostrum
465 2628 564 2698 circa
590 2625 743 2700 alterius
769 2626 926 2700 caudam
956 2632 1160 2706 arctissime
1182 2652 1288 2711 esset

272 2745 448 2820 defixum.
476 2747 571 2849 llam
598 2758 636 2814 et
668 2743 750 2814 bini
778 2744 981 2850 aliquando
1011 2765 1098 2821 sunt
1128 2775 1208 2824 uno
1238 2757 1284 2828 in
1371 2803 1372 2806 ,

272 2889 387 2952 rene,
407 2863 547 2960 dispari
569 2859 722 2958 quidem
741 2862 977 2966 longitudine
993 2866 1064 2963 (6),
1084 2884 1127 2939 ut
1137 2869 1285 2946 Radius

272 3005 426 3079 quoque
450 2980 502 3077 (7)
528 2978 761 3067 observavit,
784 2995 821 3050 at
839 2982 920 3078 pari
935 3007 957 3054 a
973 2984 1094 3070 Blasio
1109 2985 1166 3084 (8)
1182 2990 1285 3086 picti

374 3247 526 3302 Osservaz.
540 3241 595 3298 int.
607 3241 666 3316 agli
677 3241 767 3297 anim.
780 3242 841 3299 viv.
853 3253 883 3300 et
895 3256 955 3302 caet.

376 3344 478 3420 Spicil.
491 3351 573 3398 anat.
590 3341 655 3396 obs.
670 3340 718 3417 59.

374 3444 528 3501 Consider.
545 3443 594 3498 cit.
