2810 4668
293 413 365 490 606
462 437 506 484 nr
533 435 677 482 scurrus
702 435 746 482 rr
771 433 894 482 causis
920 434 1131 482 nonnosum

294 551 559 654 crasiusculam
589 547 833 646 expressisse,
857 547 1041 636 diximus,
1067 549 1171 639 aliud
1189 546 1305 621 baisse

267 695 409 769 wquam
439 692 588 754 serum,
621 663 772 754 credas,
802 665 910 760 cujus
943 665 1140 762 particulis
1163 669 1308 738 caeteris

296 813 381 885 quac
398 810 525 882 aqueae
543 799 647 872 sunt,
669 789 778 854 mora
798 781 1089 873 decedentibus,
1105 786 1232 855 autin
1252 785 1308 854 al·

294 929 404 976 veum
422 901 612 1000 sanguinis
623 901 797 989 revectis,
816 899 970 997 reliquae
989 916 1200 997 supersunt
1220 927 1307 972 eum

295 1022 481 1106 colorem,
500 1043 661 1116 eamque
677 1016 959 1090 crassitudinem
971 1071 981 1106 ,
992 1033 1035 1088 ut
1049 1019 1088 1088 in
1105 1021 1183 1089 seri
1201 1018 1310 1089 vide-

296 1163 382 1212 mus
399 1137 689 1234 evaporatione,
705 1133 878 1208 relentes.

297 1295 309 1318 a
357 1260 409 1342 14.
429 1252 671 1352 Virguneulae
694 1275 882 1324 annorum
895 1250 1212 1349 quatuordecim,
1229 1269 1315 1352 post

300 1375 441 1446 ventris
461 1370 612 1442 dolores
629 1373 668 1441 in
688 1371 908 1442 nosocomio
943 1371 1121 1440 Patavina
1152 1385 1313 1442 morture

299 1490 371 1564 sub
391 1486 741 1562 initiumlebruarii
770 1490 859 1559 anni
883 1513 993 1586 1719,
1021 1511 1109 1558 cum
1131 1489 1314 1585 genitalia

303 1607 473 1681 membra
486 1621 678 1678 anatomes
694 1605 818 1678 studio
837 1605 882 1676 ad
900 1629 961 1677 me
972 1603 1166 1679 afferenda
1182 1629 1316 1678 curas·

303 1751 408 1813 sem3
437 1723 528 1821 quid
562 1722 727 1794 morbidi
759 1738 893 1820 praeter
917 1724 1220 1820 expectationem
1251 1724 1317 1796 de·

300 1842 590 1943 prebeutlcrim,
608 1841 786 1929 scribam,
806 1842 954 1941 siprius
965 1840 1043 1912 duo
1061 1867 1145 1939 quae
1162 1843 1205 1912 in
1217 1867 1315 1913 ven·

302 1975 360 2032 tre
376 1960 553 2032 adnotata
566 1973 673 2048 sunt,
687 1959 831 2031 dumea
845 1957 1015 2030 membra
1031 1961 1316 2046 eximerentur,

302 2077 529 2150 indicavero.
559 2078 709 2148 Ventris
735 2079 875 2150 viscera
904 2075 966 2148 hic
997 2077 1072 2149 illic
1099 2076 1315 2148 tuberculis

306 2211 414 2266 erant
430 2194 636 2290 inaequalia.
667 2199 868 2266 Omentum
888 2210 1015 2267 autem
1036 2196 1318 2267 crassissimum

307 2309 427 2382 fundo
444 2311 543 2381 uteri
563 2309 785 2384 adherebat
808 2313 876 2383 Hie
899 2337 986 2384 vero
1015 2313 1211 2384 etiamtum
1237 2331 1320 2386 erat

306 2429 414 2501 valde
434 2453 592 2528 parvus,
617 2430 738 2526 qualis
762 2429 936 2502 videlicet
966 2429 1132 2530 puellam
1160 2430 1321 2504 deceret

306 2571 442 2646 quam,
457 2547 488 2618 si
507 2545 647 2644 pubem
670 2563 858 2645 spectares
874 2549 962 2646 pilis
980 2549 1040 2620 vix
1054 2549 1141 2620 ullis
1155 2551 1321 2623 instruc·

307 2680 404 2750 tam,
424 2664 586 2736 necdum
598 2664 711 2762 plane
722 2665 908 2764 puberem
918 2689 1047 2764 posses
1062 2666 1199 2738 dicere.
1215 2671 1317 2740 Cum

308 2782 522 2855 incidissem
541 2780 649 2852 fundi
672 2806 804 2857 cavum
823 2784 951 2854 inveni
973 2781 1130 2856 humida
1158 2789 1320 2857 materia

309 2902 488 3000 plenum,
508 2926 553 2972 ex
572 2899 659 2971 albo
691 2902 731 2971 in
756 2900 912 2988 flavum,
939 2917 975 2972 et
995 2901 1227 2974 subviridem
1257 2929 1313 2976 co·

308 3019 428 3090 lorem
447 3033 635 3114 vergente.
667 3021 750 3109 Qua
771 3017 937 3106 detersa,
954 3016 1064 3089 fundi
1084 3021 1247 3090 interior
1269 3019 1321 3092 fia·

308 3137 386 3208 cies
402 3135 576 3232 apparuit
592 3136 631 3204 in
654 3136 801 3206 minuta
815 3134 938 3205 albida
958 3135 1155 3208 tubercula
1176 3141 1318 3236 passim

310 3275 540 3325 excrescens.
572 3255 689 3322 Porro
720 3253 825 3323 nulla
850 3253 970 3323 osculi
1005 3256 1145 3324 uterini
1173 3280 1319 3327 corona

312 3368 605 3468 protuberabat:
626 3371 847 3467 ipsumque,
869 3385 905 3442 et
922 3373 1131 3468 proximam
1143 3376 1318 3472 vaginam

311 3503 348 3559 et
373 3487 591 3560 inferiorem
610 3513 766 3586 quoque
795 3487 908 3584 bujus
936 3505 1100 3588 partem,
1128 3505 1166 3562 et
1188 3491 1318 3590 hyme-

312 3629 400 3677 nem
420 3601 801 3704 phlogosistenebat3
827 3621 870 3676 ut
884 3603 989 3678 facile
1011 3623 1106 3679 esset
1128 3611 1317 3706 conjicere

312 3747 334 3792 a
364 3721 529 3794 lluidiori
557 3725 769 3820 acriorique
797 3725 960 3794 materias
987 3724 1086 3796 illius
1113 3741 1222 3824 parte
1252 3728 1318 3800 de-

309 3836 450 3910 fluente
467 3836 644 3911 inferiora
662 3837 772 3912 luisse
789 3841 953 3930 irritata,
980 3840 1070 3912 dum
1100 3846 1261 3939 crassior
1277 3847 1316 3914 in

311 3953 571 4028 decumbentis
599 3957 829 4055 virgunculae
853 3973 962 4032 utero
988 3959 1214 4053 subsistens,
1247 3963 1315 4034 mi-

873 4133 892 4185 b
