2810 4668
166 453 234 500 mn.
262 454 318 501 111.
347 415 887 517 nisionnlsvenrn1s,sr1sr.
916 455 1013 502 xnvi.
1042 430 1113 528 589

104 589 250 638 armum
277 591 355 664 quo
387 565 450 636 illa
478 581 566 642 sunt
585 565 684 636 edita
710 590 822 664 1719,
843 566 973 639 eadem
992 584 1115 640 essent

105 683 183 754 suis
209 685 249 754 in
276 684 425 781 scriptis
449 683 657 780 repetituri.
690 681 762 754 Sed
787 682 834 754 ad
852 685 978 755 locum
1006 685 1114 756 illum
1186 703 1188 708 '

102 800 272 896 primum
298 815 339 870 ut
359 796 530 886 redeam3
549 801 614 896 qui
636 799 729 870 meis
755 799 844 888 illis,
872 817 935 871 aut
952 801 1113 872 aliorum

103 915 365 987 consimilibus
385 914 711 988 observationibus
728 915 834 989 abusi
854 934 959 1006 sunt,
984 934 1113 990 utast

101 1048 218 1106 testes
244 1059 323 1106 esse
350 1034 518 1121 inutiles,
550 1049 615 1103 aut
640 1034 818 1106 mulieres
848 1036 1112 1133 utplurimum

102 1151 249 1222 steriles
279 1149 378 1238 fore,
405 1150 699 1238 contenderent,
719 1152 748 1219 it
769 1155 923 1224 minime
943 1153 1112 1225 animad-

100 1283 316 1357 verterunt,
343 1293 469 1366 neque
493 1283 534 1339 ut
561 1267 786 1367 plurimum,
806 1271 835 1340 si
851 1271 1030 1364 juvenes,
1054 1296 1111 1343 sa-

99 1411 245 1482 nesque
262 1386 489 1474 incidamus,
510 1411 552 1457 ea
569 1386 658 1456 vitia
677 1410 897 1474 occurrere,
910 1413 1033 1484 neque
1045 1415 1111 1462 ne·

101 1527 206 1576 cesse
226 1527 305 1574 esse
321 1503 369 1574 ad
386 1503 697 1600 concipiendum,
710 1519 752 1574 ut
767 1528 899 1575 omnes
912 1505 1111 1602 utriusque

101 1623 206 1694 testis
231 1621 421 1720 particulae
441 1646 539 1701 sance
558 1623 653 1712 sint,
672 1646 796 1728 neque
821 1621 995 1722 demum,
1022 1647 1110 1694 cum

101 1753 238 1838 praeter
254 1753 382 1837 testes,
397 1753 453 1815 tot
467 1738 545 1808 aliae
556 1737 759 1810 muliebres
771 1753 911 1836 partes,
926 1723 1007 1837 quae
1021 1742 1109 1838 ipsae

102 1879 372 1954 quoque'saepe
392 1857 491 1926 vitiis
513 1855 685 1944 obnoxiae
705 1863 810 1944 sunt,
835 1856 881 1926 ad
901 1858 1110 1954 gignendos

100 1972 334 2044 liberos'sint
348 1974 583 2061 necessariae,
597 1995 728 2046 revera
746 1999 824 2044 non
840 1958 1018 2072 perrarO,
1044 1974 1109 2046 sed

101 2115 229 2186 neque
244 2091 525 2188 utplurimum,
541 2111 665 2188 neque
681 2089 731 2162 ob
749 2071 920 2163 eamdem
939 2115 1110 2182 causam,

100 2207 280 2278 mulieres
303 2223 367 2277 aut
385 2205 621 2278 infoecundas
636 2231 731 2296 esse,
747 2223 811 2278 aut
827 2206 927 2302 fieri,
942 2234 1107 2308 vereque

98 2324 192 2396 olim
205 2323 283 2395 haec
300 2323 346 2394 ab
366 2327 593 2424 Hippocrate
618 2325 830 2422 (1).scripta
848 2351 926 2400 esse
948 2353 955 2396 :
979 2331 1108 2425 Atque

100 2457 174 2531 tot,
192 2466 238 2512 ac
255 2441 350 2512 talia
366 2441 580 2512 mulieribus
597 2447 832 2537 contingunt,
845 2459 1006 2542 propter
1021 2471 1125 2541 quae,

97 2584 177 2630 aon
185 2565 365 2658 pariunt,
385 2575 590 2656 antequam
607 2575 796 2647 curentur,
811 2575 847 2629 et
851 2577 1012 2658 propter
1020 2586 1107 2657 quae

98 2682 251 2748 omnino
270 2677 411 2748 steriles
415 2680 531 2775 fiunt.
555 2682 679 2772 Quare
697 2661 829 2748 mirari
844 2677 1015 2748 mulieres
1027 2703 1104 2748 non

98 2781 263 2892 oportet,
281 2778 433 2890 quando
451 2811 586 2868 coeunt
599 2795 765 2893 quidem,
779 2821 855 2866 non
865 2781 992 2866 autem
1003 2821 1105 2894 saepe

14 3007 20 3021 ,
93 2917 264 3010 pariunt.
281 2913 381 2984 Vale.

92 3110 1105 3138 Μὴν-*Ἣ

142 3232 183 3317 (1)
206 3238 250 3292 De
263 3235 429 3307 sterilibus,
442 3255 473 3292 n.
486 3235 512 3292 5.
