2790 4668
282 405 352 496 454
446 430 492 476 na
518 427 664 479 seorsus
688 431 732 476 nr
751 399 882 478 cauus
907 428 1118 478 noauoaorr

281 559 388 642 septo
416 542 681 618 animadverti:
707 567 781 642 qua
807 539 901 617 sacia
919 539 967 614 ad
987 565 1122 614 venam
1146 555 1292 640 spectat
1385 521 1386 540 ¹

282 661 568 760 pulmonarem‚
587 675 624 732 et
636 659 781 736 accedit
794 659 840 732 ad
855 661 1061 747 anteriora,
1078 658 1196 730 sulcis
1211 673 1294 730 erat
1385 643 1386 724 ζ

270 779 486 888 parallelis,
504 803 628 876 usque
648 778 698 855 ita
716 780 861 880 parvis,
887 791 1120 856 excavatum.
1140 781 1185 848 lu
1204 797 1293 848 ven·

283 914 357 985 tre,
372 897 628 994 cujusviscera
645 895 1007 996 geluinduruerant,
1023 893 1292 993 ethilisipsaox

281 1031 388 1116 perte
399 1014 525 1112 aliqua
538 1016 578 1088 in
599 1013 860 1102 suavesicula‚
879 1014 1171 1111 sanguinantem
1192 1013 1291 1084 intra

281 1135 420 1206 lienem
446 1133 765 1232 conglacieverat,
793 1130 889 1204 nibil
924 1129 1029 1229 quod
1069 1128 1118 1203 ab
1147 1145 1293 1202 nature

169 1345 171 1350 Ι
283 1263 419 1324 norma
439 1249 602 1338 abesset,
622 1251 769 1338 invehi,
786 1252 816 1324 si
833 1247 1029 1348 globulum
1051 1248 1091 1320 iu
1112 1271 1294 1320 mesaroeo

286 1369 469 1468 excipias,
498 1367 632 1466 hujus,
657 1367 776 1446 litabo
807 1368 1085 1468 propinquum,
1121 1380 1161 1438 et
1194 1363 1293 1438 nihil
1386 1459 1387 1472 ἵ

284 1487 405 1584 magis
430 1484 578 1592 forma,
599 1487 748 1577 colore,
774 1483 1032 1585 magnitudine
1063 1505 1179 1583 quarn
1207 1507 1295 1556 cuc·
1386 1473 1387 1478 ἵ

285 1619 365 1688 tutu
385 1605 552 1680 vitellum
569 1605 816 1702 majusculum
839 1601 1085 1688 referentem,
1101 1626 1147 1674 ex
1169 1601 1216 1676 iis
1228 1603 1294 1700 qui

285 1723 324 1794 in
343 1722 548 1820 gallinaceo
569 1724 698 1796 orario
719 1721 952 1796 extuberent.
974 1719 1077 1792 Nihil
1091 1735 1175 1792 erat
1191 1718 1293 1792 aliud

285 1840 357 1918 nisi
377 1841 589 1940 pinguedo,
611 1840 674 1913 sed
696 1841 824 1914 colore
853 1819 971 1938 magis
991 1861 1104 1937 quam
1124 1838 1294 1936 reliqua,

285 1955 399 2047 flavo,
413 1958 602 2056 nullisque
620 1959 742 2048 intus,
755 1983 837 2056 quae
851 1953 1098 2032 animadverti
1115 1969 1294 2054 possent,

288 2073 539 2152 membraneis
577 2076 735 2150 lamellis
776 2073 1144 2158 intercurrentibus,
1195 2073 1292 2145 intre

287 2218 401 2272 unam
433 2193 704 2292 comprehensa
737 2191 1011 2278 membranam,
1039 2195 1077 2262 in
1104 2188 1293 2290 sphaerico

289 2311 418 2384 vesicae
444 2309 602 2389 modum
634 2309 918 2384 conformatam.
949 2314 1108 2410 Propter
1138 2331 1182 2380 ea
1212 2327 1293 2407 quas

290 2426 392 2500 ultro
411 2425 458 2500 de
478 2428 705 2528 gonorrhoea
721 2426 838 2504 lassus
853 2453 950 2528 aeger
967 2425 1103 2513 fuerat,
1131 2425 1290 2526 diligen-

287 2559 346 2618 ter
360 2543 554 2621 urethram
575 2559 692 2630 totam
721 2548 955 2646 perlustravi.
990 2549 1159 2620 Prostata
1188 2543 1292 2642 glan·

287 2659 375 2734 duta
391 2687 499 2761 aequo
522 2667 644 2762 major
662 2665 780 2736 videri
802 2665 1004 2764 potuisset,
1023 2662 1098 2740 nisi
1113 2671 1235 2747 esset,
1252 2674 1293 2734 ut

287 2779 326 2852 io
353 2805 490 2880 magno
513 2807 690 2880 corpore,
726 2805 866 2880 magno
896 2804 1051 2879 quoque
1079 2802 1165 2860 cum
1193 2799 1294 2877 pene

260 2991 263 2994 Ι
287 2898 498 2993 conjuncta.
519 2903 615 2972 Sana
630 2903 730 2999 ipsa,
748 2924 836 2972 sana
856 2897 1084 2984 caruncula,
1113 2919 1216 2968 sanae
1234 2919 1293 2967 ve-

291 3015 436 3104 siculas,
455 3031 491 3088 et
518 3042 645 3090 semen
661 3034 704 3090 wet
730 3017 860 3102 oscula
876 3040 945 3120 per
968 3037 1093 3114 qnaee
1119 3013 1295 3086 seniculis

286 3158 502 3232 expressum
525 3151 589 3224 est.
610 3136 689 3208 Sed
699 3161 748 3208 ue
769 3135 968 3210 canaliculi
991 3132 1146 3232 quidem
1174 3132 1294 3205 nostri

285 3251 475 3349 peculiare
489 3253 697 3351 quidquam
711 3252 978 3340 ostenderunt,
998 3251 1070 3324 uisi
1085 3250 1193 3349 quod
1211 3275 1294 3321 ure·

285 3367 378 3440 tbrae
400 3370 560 3441 interior
590 3368 703 3442 facies
729 3359 924 3468 aliquanto
951 3367 1149 3442 humidior
1177 3391 1291 3468 appa·

285 3474 383 3572 ruit,
410 3503 447 3558 et
467 3486 718 3560 rubicundior
737 3513 853 3586 quam
882 3487 1010 3561 soleat.
1040 3491 1094 3558 Ex
1118 3487 1292 3586 Cowperi

286 3601 473 3698 glandulis
503 3604 640 3690 altera,
668 3605 774 3704 quod
795 3607 952 3678 minime
980 3625 1108 3675 rarum
1131 3618 1209 3692 est,
1228 3603 1291 3676 de·

282 3717 369 3807 fuit3
386 3720 539 3794 alterius
559 3722 768 3798 substantia
784 3724 824 3794 in
846 3722 980 3796 duram
1000 3719 1226 3818 brutamque
1245 3719 1287 3790 ti·

286 3842 451 3933 gementi
473 3839 591 3910 instar
610 3855 690 3910 erat
706 3857 855 3912 mutata.
970 3859 972 3869 ’

329 3960 362 4041 4.
384 3955 504 4052 Igitur
521 3981 569 4029 ne
589 3957 637 4029 ab
657 3957 773 4053 hujus
792 3957 960 4056 epistola}
982 3956 1180 4056 proposito
1203 3949 1287 4030 lott·
