2726 4676
121 472 192 524 ιιιι.
222 471 278 522 ιιι.
302 435 352 521 ἰιι
377 469 513 522 nonus
531 467 701 537 verrere,
726 467 837 520 nrtsr:
864 467 951 518 xtrr.
980 445 1050 521 233

27 649 29 656 ι
52 600 87 660 to
103 615 111 658 :
130 588 178 661 de
196 590 306 684 eujus
323 587 466 685 origine
487 583 698 656 diverticuli
715 585 785 656 erit
797 581 892 656 infra
911 583 965 680 (ι)
986 608 1051 682 ap·

52 708 121 777 tior
136 704 423 778 dicendi‘loous.
446 706 512 773 Hic
534 715 623 774 vero
642 701 804 799 attigisse
818 695 904 773 satis
924 716 995 788 est,
1011 716 1052 774 ut

51 823 104 893 vei
128 822 224 894 hinc
244 822 452 920 quae'argris
479 821 644 919 possint,
670 829 707 890 et
734 839 814 916 quae
843 818 1051 891 lithotomis

52 940 293 1038 deceptiones
310 941 401 1012 oriri
415 937 618 1036 inteiligas,
637 939 667 1008 si
688 937 753 1034 qni
768 952 875 1008 antea
895 940 934 1006 in
954 937 1051 1008 vesi·

53 1083 89 1128 ca
109 1073 244 1146 erant,
270 1059 313 1128 in
337 1055 523 1153 ejusmodi
544 1037 639 1126 ‘forte
666 1047 854 1126 sacculum
874 1053 1051 1125 recedant

54 1175 201 1260 calculi,
221 1175 326 1246 unde
343 1175 487 1272 possint
502 1173 637 1244 iterum
660 1195 731 1269 pro
756 1173 858 1244 vario
879 1172 966 1268 aegri
983 1195 1052 1269 po·

55 1293 117 1362 situ
135 1309 172 1364 et
194 1309 303 1364 mo'tu
319 1293 358 1362 in
370 1293 530 1364 vesicam
545 1290 677 1362 redire.
690 1290 841 1362 Aecidet
856 1291 957 1362 enim
968 1313 1047 1359 non

53 1409 161 1480 modo
181 1425 227 1482 ut
246 1409 294 1482 de
311 1407 483 1507 pluribus
508 1405 715 1479 lithotomis
741 1408 834 1478 alius
854 1403 1054 1504 percipiat,

55 1525 138 1598 alius
158 1551 242 1600 non
262 1526 460 1625 pereipiat,
476 1549 608 1596 vetum
634 1525 743 1596 etiam
760 1539 802 1594 ut
818 1522 917 1594 idem
937 1523 1051 1594 litho-

54 1655 171 1716 tomus
194 1645 270 1716 alio
287 1660 479 1742 tempore:
501 1667 598 1741 aeger
615 1665 705 1712 vero
725 1642 790 1737 qni
811 1655 918 1711 antea
937 1665 981 1711 ex
997 1640 1051 1710 la·-

56 1760 144 1854 pidis
163 1761 356 1860 pondere,
378 1759 589 1856 subjectum
608 1761 826 1831 intestinum
840 1757 923 1828 duri
937 1759 1052 1830 instar

57 1876 190 1972 scybaii
214 1893 395 1975 urgente,
422 1877 467 1949 de
493 1893 662 1948 tenesmo
683 1875 932 1972 querebatur,
961 1898 1053 1945 con-

58 1996 257 2094 stringente
282 2012 408 2070 autem
435 2019 472 2068 se
490 1997 589 2066 inter
614 1993 859 2092 mingendum
885 1989 1005 2064 vesica
1031 2015 1053 2062 a

60 2109 183 2208 lapidis
203 2115 402 2212 asperitate
417 2105 599 2201 dolores,
618 2112 665 2184 ab
688 2112 896 2208 eodemque
915 2134 952 2182 se
977 2109 1056 2179 uri·r
1106 2091 1107 2096 ¹

60 2231 255 2302 recursui
274 2245 491 2328 opponente
524 2213 785 2328 importunum
809 2228 954 2302 obicem
975 2251 1054 2300 sen·

61 2344 188 2436 tiebat3
204 2347 275 2420 'ubi
300 2348 393 2446 lapis
416 2349 456 2418 in
482 2348 672 2420 sacculum
694 2343 906 2435 diverterit,
932 2343 979 2416 ab
997 2344 1055 2418 his

61 2465 231 2537 omnibus
257 2465 413 2564 aliisque
438 2464 666 2562 ejuscemodi
681 2465 756 2561 jam
773 2463 870 2536 liber
898 2463 1055 2534 omnino

62 2579 122 2651 sibi
140 2589 184 2655 'ae
208 2582 355 2655 solutus
373 2580 736 2655 morbo'videbitur’.
750 2567 833 2654 Sed
839 2581 885 2654 de
904 2575 1055 2652 calculis

63 2695 209 2772 inferius
226 2700 346 2798 plura.
366 2701 462 2772 Hinc
482 2701 626 2772 enimsi
645 2700 691 2771 ad
707 2721 807 2772 meas
820 2698 952 2770 eodem
972 2697 1055 2769 sub-

62 2813 236 2906 jiciendas
252 2817 479 2914 ordineque
498 2819 674 2890 Vaisalvae
694 2815 804 2888 retuli
828 2814 1056 2886 observatio-

62 2954 119 3002 nes
137 2949 195 3005 est
220 2933 518 3022 tanseundum3
546 2934 593 3005 ab
623 2955 666 3004 ea
696 2933 872 3030 incipiam
906 2943 1057 3026 oportet

64 3069 134 3141 quae
161 3050 209 3120 ad
238 3049 427 3147 dysuriam
455 3065 597 3148 spectet
622 3049 668 3120 ab
694 3073 830 3120 renum
852 3047 1056 3146 praesertim

62 3163 141 3236 vitio
159 3167 365 3237 inductam.
380 3167 573 3264 Ejusmodi
590 3183 715 3238 autem
731 3182 786 3238 est
799 3189 912 3263 quam
930 3162 998 3235 tibi
1017 3164 1056 3233 in

64 3295 219 3354 extrema
235 3284 429 3380 superiore
446 3284 602 3382 epistola
615 3288 668 3380 (ιι)
685 3284 875 3383 pollicitus
889 3305 982 3354 sum.

109 3423 159 3470 11.
180 3401 249 3470 Vir
265 3423 385 3472 annos
403 3417 512 3472 natus
533 3401 580 3472 ad
598 3403 805 3497 sexaginta,
825 3399 875 3470 ob
889 3419 1056 3470 serosum

65 3511 258 3588 infarctum
289 3516 442 3590 femoris
462 3533 498 3588 et
520 3513 624 3616 'genu
650 3518 809 3603 sinistri,
830 3537 977 3586 menses
994 3513 1059 3584 ali·

64 3649 149 3726 quot
175 3638 215 3705 in
240 3634 314 3708 hoe
335 3633 519 3708 cubuerat
540 3636 789 3708 nosocomio:
816 3658 887 3705 nec
909 3633 1057 3729 postea-

100 3911 138 3991 (ι)
158 3917 194 3972 ιι.
218 3917 266 3975 30.

100 4009 137 4092 (ι)
158 4019 196 4074 Ν·
221 4037 266 4092 19·
