2726 4676
289 381 372 492 304¹
459 425 505 470 mr
532 419 678 469 sumnus
703 422 747 468 nr
773 419 895 468 causls
922 417 1130 470 ruonnonnu

235 601 237 606 .
287 555 422 642 praeter
433 535 625 609 lithotomi
642 533 934 632 in'explorando
950 536 1280 636 calculodeceptio-

287 683 356 732 nes
371 657 460 727 dum
478 653 540 726 hic
553 652 669 724 modo
681 653 726 724 in·
740 654 862 726 vesica
880 667 955 742 est,
974 653 1091 726 modo
1106 657 1146 726 in
1164 679 1281 728 saccu-

288 778 368 850 lum
388 799 426 847 se
457 772 651 859 subducit,
675 795 748 868 qua
769 771 815 842 de
833 797 874 844 re
897 774 1080 870 supra(1)
1097 797 1118 844 a
1133 799 1192 844 me
1208 777 1282 846 satis
1350 865 1351 874 ἵ

286 895 433 967 dictum
451 906 525 980 est;
547 914 686 988 magno
706 891 862 987 insuper
885 914 971 960 cum
990 889 1091 964 illius
1111 889 1236 978 famae,
1254 909 1283 964 et
1350 899 1351 960 Τ

287 1013 378 1108 aegri
411 1008 638 1082 detrimento
665 1005 747 1078 fieri
771 1006 963 1078 interdum
989 1024 1134 1106 potest,
1159 1025 1201 1081 ut
1228 1013 1284 1107 qui

290 1130 424 1202 diebus
440 1125 696 1225 superioribus
715 1123 809 1222 lapis
824 1125 864 1194 in
877 1127 999 1202 vesica
1017 1143 1216 1226 perceptus
1231 1129 1282 1213 sit,

296 1247 463 1320 sectione
474 1247 551 1342 jam
570 1224 682 1330 iacta,
700 1239 885 1347 frustrpin
903 1219 1024 1318 vesica
1040 1247 1281 1343 perquiratur.

287 1363 548 1455 Quamobrem
571 1358 781 1434 istiusmodi
803 1361 1072 1458 aegrotantibus
1097 1365 1137 1434 in
1160 1364 1284 1460 quibus

291 1482 407 1554 modo
431 1507 498 1579 per
517 1479 744 1552 catheterem
772 1480 932 1550 sentitur
962 1479 1146 1564 calculus,
1180 1480 1281 1552 modo
1351 1501 1352 1530 ÷

289 1626 371 1674 -non
387 1600 563 1685 sentitur,
581 1598 612 1668 is
630 1597 697 1692 qui
714 1611 822 1668 antea
840 1597 1129 1684 sensit‚varios,
1145 1614 1182 1671 et
1201 1599 1284 1672 mul-

283 1718 438 1816 tiplices
461 1731 606 1800 motus,
634 1729 671 1786 et
697 1716 843 1809 positus
870 1714 1057 1812 imperare
1089 1709 1218 1804 debet,
1245 1717 1283 1787 si-

292 1834 446 1934 quando
468 1833 691 1904 lithotomus
709 1831 804 1902 alter
824 1855 902 1902 non
922 1833 1075 1921 sentiat,
1101 1833 1282 1930 multoque

288 1955 400 2025 etiam
417 1954 532 2049 magis
549 1974 679 2021 cavere
700 1949 798 2045 ipse,
818 1965 1000 2038 usserat,
1022 1951 1096 2021 nisi
1114 1953 1155 2022 in
1166 1953 1281 2022 vesica

293 2096 383 2144 cavo
400 2085 490 2138 tunc
512 2066 675 2164 lapidem
690 2065 882 2163 percipiat.
909 2071 993 2140 Haeo
1009 2093 1101 2152 nero
1119 2069 1282 2144 accidunt
1352 2157 1353 2162 ἵ

288 2213 376 2260 cum
396 2184 533 2258 sacculi
550 2183 737 2256 orificium
758 2209 829 2282 pro
844 2185 978 2258 calculi
995 2187 1096 2258 mole
1114 2187 1282 2286 grandius
1352 2179 1353 2256 Ῐ

273 2304 366 2394 est,
385 2303 543 2376 velutin
561 2303 700 2392 rustico
719 2319 850 2374 nostro
869 2301 957 2376 tuit.
976 2305 1204 2380 Grandescit
1227 2330 1281 2376 au-

293 2437 423 2496 temet
453 2420 656 2508 orificium,
685 2436 722 2492 et
753 2445 882 2518 saceus
907 2422 955 2494 ab
980 2425 1099 2494 urinae
1116 2426 1282 2524 copia,et
1353 2469 1354 2512 3

292 2542 482 2642 pondere,
516 2539 564 2611 ad
595 2539 700 2640 quod
734 2554 771 2611 et
797 2541 932 2612 calculi
962 2541 1216 2638 adjiciendum
1240 2552 1282 2614 est

1351 2335 1354 2464 i

1351 2551 1354 2634 i

292 2660 459 2761 pondus,
485 2681 562 2757 quo
580 2659 664 2756 plus
694 2657 813 2729 urinae
845 2661 991 2732 circum
1026 2676 1217 2758 moratur,
1247 2681 1281 2730 eo
1352 2685 1353 2690 ¹

287 2780 407 2879 magis
427 2776 529 2849 unde
544 2775 912 2882 crescat2habentis:
935 2778 1019 2876 plus
1033 2794 1160 2852 autem
1181 2777 1281 2849 urina

290 2899 329 2968 in
350 2920 458 2969 sacco
484 2911 673 2983 moratur,
692 2919 772 2991 quo
803 2893 866 2966 hic
896 2897 1062 2994 augescit
1086 2898 1219 2996 magis3
1241 2892 1281 2963 sic

286 3017 391 3114 enim
412 3015 529 3111 magis
556 3037 711 3109 quoque
733 3011 994 3084 distrahuntur
1012 3015 1149 3085 tunicae
1174 3015 1280 3111 ipsum

288 3133 487 3219 facienteS,
519 3155 727 3227 earumque
748 3131 846 3202 vires
872 3147 952 3204 tum
971 3133 1195 3204 muscularis
1214 3146 1280 3201 tun

249 3230 251 3238 i
285 3251 459 3334 mastica,
479 3248 617 3346 quibus
633 3248 715 3319 lotii
726 3248 969 3344 adjuvaretur
981 3246 1172 3348 expulsio,
1187 3245 1280 3320 maxi

287 3392 443 3465 mopere
466 3364 738 3464 infringuntur.
772 3371 904 3464 Itaque
941 3368 1038 3441 sacci
1072 3362 1278 3466 magnitudo

288 3485 480 3558 interdum
498 3485 593 3555 adeo
616 3486 744 3582 augeri
766 3499 908 3582 potest,
936 3501 978 3556 ut
999 3508 1196 3584 perperam
1221 3502 1278 3580 pro
1352 3535 1354 3576 ἒ,

285 3604 403 3677 altera
417 3603 539 3673 vesica
555 3604 771 3700 accipiatur.
789 3609 868 3673 Hoc
882 3619 1008 3674 autem
1027 3627 1106 3674 non
1124 3607 1168 3674 eo
1188 3599 1276 3679 dico,
1352 3689 1354 3700 ,

328 3984 371 4062 (r)
391 3985 428 4038 N.
455 4001 501 4041 1.0.·
572 4062 575 4068 Ι
