2746 4674
280 369 345 444 132
442 391 487 440 nn
513 389 659 441 sturnus
683 387 727 439 nr
753 391 877 442 causis
901 391 1111 445 nonnonon

273 510 314 578 in
331 521 464 580 ventre
489 519 594 598 sunt,
620 531 666 577 eo
688 519 881 578 tormento
898 531 967 605 per
984 533 1121 582 nervos
1136 511 1177 580 in
1195 535 1299 584 con-

275 649 426 698 sensum
462 624 611 710 tractis,
640 621 748 694 facile
772 638 859 696 ante
888 625 1029 722 justum
1058 642 1209 726 tempus
1245 656 1298 702 ex

273 741 523 814 contrahente
543 765 581 812 se
604 754 713 812 utero
741 737 853 813 foetus
879 743 1069 840 exigatur,
1092 760 1158 816 aut
1183 763 1296 818 certe

273 861 324 930 ita
344 861 423 958 ipse
445 872 509 929 aut
525 872 646 928 mater
667 873 759 930 tunc
776 858 951 957 gravibus
963 861 1104 934 morbis
1116 888 1297 964 persaepe

271 978 409 1074 impar,
424 976 521 1046 male
540 973 767 1065 mulctetur,
784 991 825 1049 ut
845 1001 923 1048 non
937 1003 1022 1050 raro
1036 981 1187 1079 utrique
1202 1007 1296 1052 mo·

270 1094 445 1166 riendum
465 1093 520 1164 sit.
536 1091 650 1182 Quod
669 1091 716 1164 ad
739 1093 913 1165 abortum
934 1097 1087 1184 attinet,
1106 1097 1228 1170 habes
1248 1100 1292 1169 in

272 1210 522 1310 Sepulchreto
537 1201 590 1306 (1)
604 1223 815 1282 matronam
837 1236 857 1282 a
879 1211 1024 1284 Platero
1039 1212 1291 1312 descriptam.

273 1333 325 1400 Ea
339 1327 625 1426 quatuordecies
650 1344 797 1399 uterum
820 1341 988 1426 gestans,
1008 1335 1117 1400 toties
1134 1329 1156 1402 8
1177 1333 1249 1403 vel
1266 1359 1293 1430 9

271 1471 416 1545 semper
432 1469 555 1516 mense
577 1446 797 1517 abortt'ebat.
829 1443 966 1519 Eadem
992 1447 1133 1522 multos
1159 1473 1294 1523 annos

272 1564 499 1664 gravissimis
510 1587 645 1633 renum
658 1561 854 1634 doloribus
872 1562 1037 1636 obnoxia
1053 1562 1187 1638 fuerat.
1206 1573 1293 1638 Do·

272 1682 395 1753 lorum
408 1695 534 1753 autem
555 1696 593 1752 et
609 1681 764 1752 abortus
780 1703 933 1752 causam
954 1681 1123 1755 Platerus
1142 1683 1288 1784 depre-

215 1811 224 1825 '
270 1797 404 1870 hendit
420 1800 459 1868 in
471 1794 644 1884 renibus,
663 1819 826 1893 quorum
844 1798 938 1876 alter
954 1800 993 1868 in
1007 1801 1190 1898 marsupii
1201 1826 1289 1873 mo-

271 1915 383 2004 dum,
416 1914 616 2012 absumpta
652 1911 876 2004 substantia,
909 1915 1102 2006 redactus,
1132 1917 1232 1990 alter
1267 1945 1288 1989 a

270 2057 409 2130 magno
430 2030 577 2104 calculo
601 2044 681 2101 erat
698 2030 951 2128 praetumidus.
972 2033 1108 2106 Mulier
1130 2059 1249 2126 vero,
1267 2060 1288 2106 a

154 2137 156 2144 ¹
271 2151 379 2246 cujus
399 2149 555 2222 historia
575 2162 618 2218 ut
640 2146 820 2246 pleraque
846 2148 917 2220 alia
942 2151 992 2220 ita
1019 2149 1094 2222 hoc
1122 2175 1287 2250 quoque

271 2262 596 2340 animadvertendi
608 2266 756 2337 occasio
770 2264 865 2334 mihi
879 2253 963 2338 dit'a
974 2281 1047 2358 est,
1062 2281 1104 2339 ut
1118 2271 1286 2368 septimo

273 2383 500 2483 graviditatis
521 2403 650 2453 mense
671 2384 750 2480 ipsa
772 2384 961 2481 primum,
986 2407 1075 2456 mox
1094 2399 1132 2457 et
1151 2389 1287 2485 proles

271 2503 433 2573 extincta
453 2502 521 2587 sit,
545 2515 582 2570 et
601 2499 922 2596 quemadmodum
946 2527 1015 2574 ren
1041 2504 1122 2598 ejus
1148 2503 1286 2579 dexter

270 2644 309 2693 se
330 2618 508 2704 haberet,
522 2619 599 2713 jam
621 2617 734 2688 docui
752 2617 825 2712 (2);
842 2633 884 2689 ut
903 2618 1057 2716 quando
1078 2623 1214 2694 mortis
1238 2624 1285 2694 il-

269 2737 342 2809 lius
362 2760 498 2835 genus,
512 2749 603 2805 tunc
618 2733 719 2804 aliud
731 2753 865 2832 agens,
883 2759 963 2806 non
985 2739 1154 2834 quaesivi3
1174 2733 1284 2812 nunc
1371 2827 1372 2836 ἵ

271 2855 440 2952 suspicer
465 2854 566 2922 inter
592 2851 725 2922 mortis
750 2874 972 2949 praegressas
1003 2854 1063 2924 vel
1087 2859 1283 2953 proximas
1371 2853 1372 2868 ³

173 3039 175 3044 .
269 2973 382 3044 etiam
398 2992 526 3041 causas
540 2969 641 3040 renis
651 2961 823 3039 dolor‘em
835 2967 958 3042 fuisse.
972 2969 1084 3062 Quod
1099 2973 1193 3046 etde
1209 2978 1282 3048 alia

269 3092 457 3188 suspicor,
481 3087 589 3182 cujus
613 3084 779 3156 dissectae
799 3079 1099 3160 observationem
1124 3115 1280 3172 mecum

268 3193 409 3278 etcum
427 3206 555 3276 amicis
572 3204 713 3274 caeteris
736 3201 782 3274 ab
790 3205 998 3277 'Santorino
1019 3211 1280 3284 communica·
1353 3221 1355 3228 '

240 3331 364 3412 'tam,
384 3322 463 3394 huc
484 3346 530 3393 eo
554 3320 734 3392 libentius
752 3321 985 3412 adscribam,
1005 3324 1110 3421 quod
1136 3340 1173 3398 et
1207 3327 1278 3400 alia

266 3441 391 3539 aliqua
415 3440 585 3510 continet
614 3437 703 3526 tibi,
733 3463 868 3510 renum
896 3439 1076 3513 fabricam
1104 3445 1277 3532 rimanti,

265 3561 422 3630 minime
442 3554 598 3627 fortasse
612 3554 859 3654 displicitura·

305 3827 348 3908 (t)
370 3832 448 3887 Sect.
460 3830 516 3884 hac
530 3847 566 3884 aa
578 3869 586 3900 ,
599 3827 663 3885 obs.
679 3835 705 3894 t.

306 3928 349 4011 (a)
370 3931 407 3989 N.
432 3945 484 3988 sa:
