2810 4668
290 459 362 536 628
447 485 493 532 DE
519 481 665 532 sturnus
691 483 735 533 ET
760 479 886 531 CAUSIS
912 483 1123 532 nortonam

289 617 364 673 tem
384 623 465 698 quae
489 597 536 670 ad
558 599 744 669 sinistram
763 593 1059 694 inferioremque
1086 621 1188 668 oram
1211 621 1282 696 per-

291 717 461 791 tinebat:
490 716 634 813 reliqua
660 716 694 787 ei
718 711 825 786 faciei
846 715 944 785 u'teri
962 714 1190 804 inhaerebat,
1211 739 1282 812 qua

291 836 407 936 paulo
434 851 520 906 ante
544 833 643 904 dicta
665 847 731 904 est.
769 833 888 903 Tenui
920 846 999 903 erat
1030 833 1282 912 crassitudine.

291 955 403 1054 plana
422 949 639 1050 superficie,
665 949 791 1022 colore
810 950 973 1022 exterius
1005 967 1186 1041 cruento;
1202 955 1284 1022 inte·

292 1072 370 1144 rins
387 1097 431 1142 ex
451 1066 629 1156 subalba,
652 1082 868 1164 compacta,
899 1093 941 1138 ac
967 1065 1076 1138 firma
1103 1070 1285 1141 constabat

293 1190 508 1262 substantia.

342 1309 398 1396 34.
420 1305 650 1378 Mulierculae
663 1305 883 1378 cachecticae
895 1321 932 1376 et
947 1323 1044 1402 pene
1061 1303 1285 1402 hydropica,

292 1427 462 1496 membra
477 1449 560 1521 quae
589 1424 721 1509 urinae,
743 1439 779 1493 et
803 1448 884 1520 quae
906 1423 1161 1519 generationis
1188 1444 1286 1492 causa

257 1603 260 1616 ,
293 1555 414 1613 creata
452 1557 560 1628 sunt,
591 1539 849 1613 examinabam
886 1537 957 1610 sub
993 1535 1108 1610 finem
1139 1538 1287 1634 januarii

292 1661 382 1730 anni
397 1666 507 1757 1749,
520 1661 652 1730 cumin
666 1659 797 1757 primis
809 1657 887 1729 haec
895 1655 1047 1728 offendi.
1059 1662 1143 1728 Ren
1155 1658 1288 1730 sinister

293 1775 529 1875 superficiem
560 1775 725 1848 habebat
749 1775 922 1874 pluribus
953 1776 1015 1846 hic
1045 1776 1124 1847 illic
1160 1775 1287 1848 cellulis

294 1919 377 1968 sero
404 1896 540 1994 plenis,
558 1897 634 1966 sive
658 1893 903 1990 hydatidibus
925 1893 1202 1982 mediocribus,
1233 1893 1288 1962 mi·

294 2013 530 2110 norihusqne
548 2013 781 2109 inaequalem.
793 2015 887 2083 Nam
905 2013 974 2083 etsi
989 2036 1124 2109 magna
1140 2025 1288 2109 exparte

292 2132 391 2200 intra
417 2132 455 2202 id
469 2133 591 2202 viscus
609 2145 716 2201 erant
733 2130 914 2216 conditae,
934 2131 986 2201 sic
1008 2128 1166 2227 quidem
1196 2126 1289 2201 atad

294 2249 432 2344 pelvim
459 2249 563 2317 nulla
581 2273 708 2319 earum
739 2249 972 2346 perveniret3
1005 2263 1134 2317 tamen
1158 2263 1289 2318 extror-

294 2389 376 2434 sum
407 2389 561 2462 quoque
592 2365 887 2463 prominebant,
916 2381 959 2436 ut
986 2365 1119 2462 aliquae
1152 2389 1290 2448 earum,

294 2506 375 2578 qua·
388 2481 632 2578 dissilierant,
652 2507 776 2554 serum
789 2486 829 2554 iu
848 2484 991 2555 ventris
1011 2507 1167 2554 caveam
1187 2480 1289 2554 effun-

292 2596 437 2686 denda,
452 2600 648 2696 incipienti
666 2600 771 2672 asciti
789 2601 950 2670 materiae
969 2599 1149 2671 nonnihil
1165 2599 1288 2670 addere

293 2717 500 2814 potuerint.
522 2721 602 2788 Ren
623 2716 717 2788 alter
740 2717 884 2788 nullam
905 2718 1150 2814 conspicuam
1173 2715 1289 2787 habuit

296 2833 335 2902 in
355 2830 572 2930 superficie;
591 2857 679 2905 nam
710 2858 803 2921 una,
827 2857 910 2931 quaa
934 2833 1135 2906 mediocris
1162 2835 1287 2917 inerat,

294 2951 395 3020 inter
408 2949 669 3048 superficiem,
689 2963 725 3022 et
743 2950 904 3047 pelvim,
921 2950 968 3021 ad
987 2965 1162 3022 neutram
1177 2972 1289 3048 perve-

294 3069 420 3153 niens,
440 3067 684 3158 condebat'ur.
707 3068 882 3139 Urinaria
896 3070 1034 3156 vesica,
1053 3082 1160 3166 parte
1171 3067 1286 3140 saltem

293 3186 391 3274 ima,
416 3199 494 3256 tota
521 3185 622 3255 intus
644 3209 665 3254 a
692 3182 974 3258 confertissimis
1004 3185 1165 3256 vasculis
1186 3181 1286 3256 rubra

293 3317 372 3374 erat
392 3317 428 3374 et
444 3299 683 3372 inflammata.
709 3301 822 3392 Quod
842 3326 932 3372 vero
952 3302 999 3373 ad
1020 3303 1196 3400 genitalia
1215 3298 1285 3370 atti·

293 3418 429 3508 nebat,
447 3434 556 3492 utero
574 3420 726 3490 innatus
743 3435 823 3496 erat
846 3407 1153 3518 tumor-sphaerae
1181 3417 1287 3488 forma

295 3537 402 3630 cujus
423 3536 604 3608 diameter
623 3534 908 3634 sesquidigitum
929 3535 1111 3634 aquabat.
1129 3533 1287 3606 Tumoris

293 3674 381 3749 pars
401 3654 522 3749 major
539 3669 641 3726 extra
655 3668 806 3726 uterum
824 3653 1065 3752 prominebat
1079 3681 1089 3743 ;
1114 3655 1236 3724 minor
1252 3652 1283 3718 in

293 3770 435 3868 pariete
454 3769 569 3867 hujus
595 3772 807 3866 anteriore,
831 3771 886 3854 ad,
910 3771 1071 3842 alterum
1099 3771 1212 3858 latus,
1241 3767 1283 3839 sic

294 3901 374 3959 crat
399 3886 571 3978 condita,
591 3903 634 3959 ut
651 3887 699 3960 ad
723 3913 857 3961 cavum
874 3889 1030 3961 visceris
1059 3913 1141 3958 non
1168 3905 1283 3985 perve-

293 4007 403 4082 niret.
417 4010 545 4086 Durus
560 4021 639 4088 erat
656 4018 758 4085 totus
768 4060 779 4111 ,
800 4005 1106 4098 interimamus,
1124 4001 1281 4080 albedine
