2746 4674
146 467 212 516 mr.
241 467 298 515 ιιι.
326 467 372 516 ur
397 461 534 514 nonnis
558 465 728 530 rrnrnrs,
752 449 871 516 21³1er
890 469 961 516 xm.
1005 439 1073 516 185

82 604 157 653 eam
169 581 253 653 lotii
272 581 419 679 copiam
436 577 542 652 facile
559 581 785 669 contineret,
801 605 913 678 quam
932 583 993 664 vix
1000 581 1078 662 ,tria

82 699 192 768 vitrea
209 697 296 768 'vasa
316 697 589 770 continuissent
616 695 756 794 quibus
782 697 830 770 ad
858 698 1079 796 sanguinem

85 839 103 884 e
120 829 216 886 secta
228 839 326 885 vena
343 813 625 911 excipiendum,
643 829 707 886 aut
723 812 771 885 ad
786 815 935 886 urinam
954 815 1077 901 etiam,

86 933 215 1004 nostris
224 933 269 1002 in
283 929 502 1028 regionibus
517 913 685 1002 utuntur.

129 1074 161 1144 9.
180 1053 259 1145 Ego
280 1071 393 1145 quam
412 1047 612 1119 distentam
630 1063 700 1120 nec
718 1062 846 1119 tamen
867 1046 1077 1120 inflamma-

88 1181 155 1236 tam
170 1167 331 1236 vesicam
351 1163 455 1236 haud
475 1167 590 1236 semel
620 1167 850 1250 invenerim,
883 1191 970 1238 cum
1000 1165 1088 1249 aliae*

89 1281 169 1354 alibi
185 1283 238 1380 (ι)
258 1281 307 1354 ad
330 1297 367 1354 te
390 1283 533 1382 scriptae
555 1283 837 1356 observationes
854 1273 1080 1371 ostendunt,

90 1413 161 1470 tum
184 1399 355 1497 quaedam
382 1401 586 1499 praesertim
604 1381 830 1472 monstrabit
846 1425 983 1498 quam,
1012 1398 1081 1470 ubi

91 1539 184 1612 agam
204 1513 251 1586 de
271 1514 543 1588 claudicatione
557 1516 629 1614 (a),
641 1517 881 1615 perscribam.
902 1519 1012 1587 Nunc
1036 1525 1081 1584 ut

90 1633 263 1732 intelligas
281 1647 465 1731 quantum
491 1633 613 1705 vesica
639 1619 794 1730 impune
812 1632 963 1722 extendi
981 1655 1080 1705 non-

92 1773 275 1847 nunquam
296 1750 433 1848 possit,
463 1749 657 1845 subjiciam
677 1749 770 1846 quid
798 1748 860 1844 hic
887 1749 995 1820 annis
1016 1772 1078 1820 su-

95 1867 297 1964 perioribus
318 1867 484 1940 honestae
504 1865 650 1938 feminae
677 1867 875 1956 acciderit,
894 1863 988 1938 mihi
1013 1888 1081 1934 no·

93 1984 248 2072 tissimae,
269 1999 306 2068 et
330 2006 432 2078 nunc
457 1985 543 2056 satis
573 1973 849 2076 benevolenti.
875 1983 1081 2079 Primipara

95 2116 180 2190 erat,
198 2117 235 2184 et
248 2102 345 2175 duos
358 2127 471 2200 supra
488 2102 733 2200 quadraginta
748 2126 868 2174 annos
879 2115 974 2172 nata.
985 2103 1081 2170 Cum

93 2235 279 2317 propterea
298 2217 394 2292 nihil
418 2218 595 2293 cederent
623 2221 741 2318 pelvis
765 2243 869 2308 ossa,
889 2217 1080 2315 hujusque

94 2336 157 2408 ima
172 2363 257 2436 pars
274 2353 370 2410 esset
389 2339 602 2436 angustior,
622 2337 675 2408 ibi
695 2336 800 2409 haesit
817 2360 995 2435 magnum
1020 2337 1080 2404 in·

94 2449 190 2526 fantis
208 2470 335 2552 caput,
357 2469 394 2526 et
422 2479 637 2552 compressa
657 2454 811 2526 urethra
846 2469 882 2526 et
910 2453 1082 2551 proxima

94 2571 208 2644 resicae
223 2587 349 2670 parte,
372 2571 505 2642 lotium
533 2570 713 2644 cohibuit.
739 2575 824 2644 Non
849 2571 929 2642 sine
946 2591 1083 2668 magna

96 2686 299 2764 difficultate
319 2690 483 2770 immissa
506 2704 561 2762 est
579 2689 734 2762 demum
760 2703 934 2787 argentea
958 2685 1092 2758 fistula.

98 2829 134 2876 ex
148 2805 217 2877 illis
229 2831 320 2903 quas
334 2791 381 2890 ad
401 2805 575 2899 mulieres
599 2805 767 2893 habent,
787 2803 853 2890 sed
880 2805 1078 2874 incassum.

96 2923 235 2994 Immitti
245 2922 376 2996 debuit
385 2923 501 2994 altera
511 2948 556 2994 ex
570 2922 806 3020 longioribus
819 2919 959 3018 quibus
969 2935 1083 2992 utun-

97 3052 148 3110 tur
162 3041 200 3112 in
221 3041 327 3130 viris,
348 3040 415 3112 sed
433 3042 560 3112 minus
582 3065 732 3114 curva:
758 3041 912 3136 Jamque
932 3037 979 3108 ad
1004 3036 1084 3135 pal·

98 3181 188 3232 mum
205 3157 391 3248 subierat;
408 3157 503 3228 nihil
520 3163 645 3231 tamen
668 3160 784 3230 urinae
808 3157 940 3229 exibat.
965 3155 1083 3227 Altius
1189 3159 1192 3164 '

99 3272 209 3370 itaque
228 3273 411 3372 adigenda
437 3275 500 3346 illa
521 3273 606 3366 fuit,
628 3291 672 3348 ut
697 3273 775 3346 haic
803 3275 942 3361 exiret;
973 3273 1085 3344 exivit

100 3405 210 3464 autem
224 3391 271 3462 ad
290 3389 404 3480 libras
424 3393 571 3464 circiter
588 3408 765 3490 quatuor·
782 3397 897 3466 Parva
912 3405 990 3463 erat
1004 3379 1084 3460 mu-¹

99 3503 260 3580 liercula:
282 3532 359 3604 qpo
378 3510 495 3606 magis
511 3509 686 3606 intelligis
698 3524 879 3606 quantum
892 3507 912 3606 (
924 3508 963 3580 id
979 3506 1084 3605 quod

101 3621 195 3698 altius
213 3649 366 3722 quoque
384 3640 421 3696 et
438 3626 678 3724 peculiariter
696 3641 956 3703 extumescens
966 3624 1084 3696 abdo-

133 3903 170 3984 (1)
190 3907 281 3983 Epist.
302 3913 337 3978 ι,
352 3927 383 3964 n.
403 3926 455 3984 19,
470 3917 500 3966 er
512 3908 608 3984 Epist.
620 3909 672 3986 39,
686 3927 716 3964 n.
736 3909 781 3966 aa.

134 4003 172 4083 (a)
190 4007 282 4086 Epist.
299 4005 352 4077 56,
369 4021 400 4066 n·
421 4024 466 4078 ra,
