<?xml version="1.0" encoding="UTF-8"?>
<!DOCTYPE html PUBLIC "-//W3C//DTD XHTML 1.0 Transitional//EN"
    "http://www.w3.org/TR/xhtml1/DTD/xhtml1-transitional.dtd">
<html xmlns="http://www.w3.org/1999/xhtml" xml:lang="en" lang="en">
 <head>
  <title>
</title>
<meta http-equiv="Content-Type" content="text/html;charset=utf-8" />
  <meta name='ocr-system' content='tesseract 3.04.00' />
  <meta name='ocr-capabilities' content='ocr_page ocr_carea ocr_par ocr_line ocrx_word'/>
</head>
<body>
  <div class='ocr_page' id='page_1' title='image "./desedibusetcaus05adelgoog_0434.png"; bbox 0 0 2790 4668; ppageno 0'>
   <div class='ocr_carea' id='block_1_1' title="bbox 103 388 1049 540">
    <p class='ocr_par' dir='ltr' id='par_1_1' title="bbox 103 388 1049 540">
     <span class='ocr_line' id='line_1_1' title="bbox 103 388 1049 540; baseline 0.001 -66"><span class='ocrx_word' id='word_1_1' title='bbox 103 388 185 474; x_wconf 50' lang='lat' dir='ltr'><strong>¹ini.</strong></span> <span class='ocrx_word' id='word_1_2' title='bbox 211 427 263 474; x_wconf 82' lang='lat' dir='ltr'><strong>nr.</strong></span> <span class='ocrx_word' id='word_1_3' title='bbox 285 425 339 472; x_wconf 77' lang='lat' dir='ltr'><strong>‚nn</strong></span> <span class='ocrx_word' id='word_1_4' title='bbox 365 422 500 468; x_wconf 76' lang='lat' dir='ltr'><strong>nonnis</strong></span> <span class='ocrx_word' id='word_1_5' title='bbox 517 422 685 485; x_wconf 77' lang='lat' dir='ltr'><strong>vaurms,</strong></span> <span class='ocrx_word' id='word_1_6' title='bbox 710 416 820 483; x_wconf 79' lang='lat' dir='ltr'><strong>nater.</strong></span> <span class='ocrx_word' id='word_1_7' title='bbox 836 425 950 540; x_wconf 67' lang='lat' dir='ltr'><strong>pinni.</strong></span> <span class='ocrx_word' id='word_1_8' title='bbox 979 390 1049 490; x_wconf 69' lang='lat'><strong>433</strong></span> 
     </span>
    </p>
   </div>
   <div class='ocr_carea' id='block_1_2' title="bbox 19 535 1126 3683">
    <p class='ocr_par' dir='ltr' id='par_1_2' title="bbox 19 535 1126 3683">
     <span class='ocr_line' id='line_1_2' title="bbox 75 535 1053 636; baseline -0.004 -22"><span class='ocrx_word' id='word_1_9' title='bbox 75 544 287 636; x_wconf 86' lang='lat' dir='ltr'><strong>tiescumque</strong></span> <span class='ocrx_word' id='word_1_10' title='bbox 297 535 425 608; x_wconf 84' lang='lat' dir='ltr'><strong>aderat</strong></span> <span class='ocrx_word' id='word_1_11' title='bbox 440 549 588 622; x_wconf 83' lang='lat' dir='ltr'><strong>tumor,</strong></span> <span class='ocrx_word' id='word_1_12' title='bbox 603 549 736 607; x_wconf 73' lang='lat' dir='ltr'><strong>testata</strong></span> <span class='ocrx_word' id='word_1_13' title='bbox 749 535 958 632; x_wconf 88' lang='lat' dir='ltr'><strong>subjectum</strong></span> <span class='ocrx_word' id='word_1_14' title='bbox 968 565 1053 610; x_wconf 90' lang='lat' dir='ltr'><strong>mo·</strong></span> 
     </span>
     <span class='ocr_line' id='line_1_3' title="bbox 75 651 1054 754; baseline -0.001 -26"><span class='ocrx_word' id='word_1_15' title='bbox 75 659 153 730; x_wconf 85' lang='lat' dir='ltr'><strong>leste</strong></span> <span class='ocrx_word' id='word_1_16' title='bbox 167 657 233 728; x_wconf 91' lang='lat' dir='ltr'><strong>sibi</strong></span> <span class='ocrx_word' id='word_1_17' title='bbox 252 656 460 754; x_wconf 86' lang='lat' dir='ltr'><strong>graviorem</strong></span> <span class='ocrx_word' id='word_1_18' title='bbox 476 651 575 740; x_wconf 90' lang='lat' dir='ltr'><strong>fieri,</strong></span> <span class='ocrx_word' id='word_1_19' title='bbox 594 667 635 723; x_wconf 89' lang='lat' dir='ltr'><strong>ut</strong></span> <span class='ocrx_word' id='word_1_20' title='bbox 652 653 801 723; x_wconf 87' lang='lat' dir='ltr'><strong>sacculo</strong></span> <span class='ocrx_word' id='word_1_21' title='bbox 813 670 975 725; x_wconf 89' lang='lat' dir='ltr'><strong>scrotum</strong></span> <span class='ocrx_word' id='word_1_22' title='bbox 990 683 1054 728; x_wconf 86' lang='lat' dir='ltr'><strong>ex-</strong></span> 
     </span>
     <span class='ocr_line' id='line_1_4' title="bbox 75 771 1059 874; baseline -0.003 -28"><span class='ocrx_word' id='word_1_23' title='bbox 75 776 182 874; x_wconf 85' lang='lat' dir='ltr'>cipere</span> <span class='ocrx_word' id='word_1_24' title='bbox 196 789 232 844; x_wconf 89' lang='lat' dir='ltr'><strong>et</strong></span> <span class='ocrx_word' id='word_1_25' title='bbox 251 773 433 844; x_wconf 86' lang='lat' dir='ltr'><strong>sustinere</strong></span> <span class='ocrx_word' id='word_1_26' title='bbox 447 791 542 866; x_wconf 80' lang='lat' dir='ltr'><strong>opus</strong></span> <span class='ocrx_word' id='word_1_27' title='bbox 560 785 674 855; x_wconf 78' lang='lat' dir='ltr'><strong>essct3</strong></span> <span class='ocrx_word' id='word_1_28' title='bbox 693 771 865 855; x_wconf 86' lang='lat' dir='ltr'><strong>memini,</strong></span> <span class='ocrx_word' id='word_1_29' title='bbox 881 774 1059 869; x_wconf 82' lang='lat' dir='ltr'><strong>inquam,</strong></span> 
     </span>
     <span class='ocr_line' id='line_1_5' title="bbox 74 885 1055 984; baseline 0 -22"><span class='ocrx_word' id='word_1_30' title='bbox 74 913 142 962; x_wconf 89' lang='lat' dir='ltr'><strong>rem</strong></span> <span class='ocrx_word' id='word_1_31' title='bbox 163 889 259 960; x_wconf 89' lang='lat' dir='ltr'><strong>hanc</strong></span> <span class='ocrx_word' id='word_1_32' title='bbox 276 889 326 958; x_wconf 89' lang='lat' dir='ltr'><strong>ita</strong></span> <span class='ocrx_word' id='word_1_33' title='bbox 352 889 472 984; x_wconf 63' lang='lat' dir='ltr'><strong>igniet</strong></span> <span class='ocrx_word' id='word_1_34' title='bbox 486 885 641 958; x_wconf 84' lang='lat' dir='ltr'><strong>medicis</strong></span> <span class='ocrx_word' id='word_1_35' title='bbox 661 889 778 983; x_wconf 89' lang='lat' dir='ltr'><strong>quiin</strong></span> <span class='ocrx_word' id='word_1_36' title='bbox 799 889 955 960; x_wconf 88' lang='lat' dir='ltr'><strong>consilio</strong></span> <span class='ocrx_word' id='word_1_37' title='bbox 974 914 1055 962; x_wconf 88' lang='lat' dir='ltr'><strong>mc·</strong></span> 
     </span>
     <span class='ocr_line' id='line_1_6' title="bbox 76 1003 1055 1100; baseline 0.002 -24"><span class='ocrx_word' id='word_1_38' title='bbox 76 1006 339 1092; x_wconf 80' lang='lat' dir='ltr'><strong>comederant,</strong></span> <span class='ocrx_word' id='word_1_39' title='bbox 360 1004 436 1098; x_wconf 88' lang='lat' dir='ltr'><strong>jam</strong></span> <span class='ocrx_word' id='word_1_40' title='bbox 457 1017 534 1074; x_wconf 89' lang='lat' dir='ltr'><strong>tum</strong></span> <span class='ocrx_word' id='word_1_41' title='bbox 555 1003 777 1100; x_wconf 78' lang='lat' dir='ltr'>explicasse,</span> <span class='ocrx_word' id='word_1_42' title='bbox 798 1020 839 1075; x_wconf 90' lang='lat' dir='ltr'><strong>ut</strong></span> <span class='ocrx_word' id='word_1_43' title='bbox 856 1031 942 1088; x_wconf 86' lang='lat' dir='ltr'><strong>cum</strong></span> <span class='ocrx_word' id='word_1_44' title='bbox 959 1008 1055 1078; x_wconf 89' lang='lat' dir='ltr'><strong>obli-</strong></span> 
     </span>
     <span class='ocr_line' id='line_1_7' title="bbox 76 1105 1126 1220; baseline 0.003 -26"><span class='ocrx_word' id='word_1_45' title='bbox 76 1147 161 1220; x_wconf 91' lang='lat' dir='ltr'><strong>quus</strong></span> <span class='ocrx_word' id='word_1_46' title='bbox 177 1122 305 1198; x_wconf 80' lang='lat' dir='ltr'><strong>dexter</strong></span> <span class='ocrx_word' id='word_1_47' title='bbox 325 1119 575 1192; x_wconf 87' lang='lat' dir='ltr'><strong>m&#39;usculusab</strong></span> <span class='ocrx_word' id='word_1_48' title='bbox 593 1121 786 1192; x_wconf 75' lang='lat' dir='ltr'><strong>attollente</strong></span> <span class='ocrx_word' id='word_1_49' title='bbox 808 1127 954 1196; x_wconf 86' lang='lat' dir='ltr'><strong>tumore</strong></span> <span class='ocrx_word' id='word_1_50' title='bbox 975 1105 1058 1196; x_wconf 82' lang='lat' dir='ltr'><strong>ten·</strong></span> <span class='ocrx_word' id='word_1_51' title='bbox 1118 1109 1126 1132; x_wconf 25' lang='grc' dir='ltr'><strong>Χ</strong></span> 
     </span>
     <span class='ocr_line' id='line_1_8' title="bbox 76 1238 1057 1339; baseline 0.004 -29"><span class='ocrx_word' id='word_1_52' title='bbox 76 1239 233 1326; x_wconf 83' lang='lat' dir='ltr'><strong>deretur,</strong></span> <span class='ocrx_word' id='word_1_53' title='bbox 268 1254 304 1310; x_wconf 84' lang='lat' dir='ltr'><strong>et</strong></span> <span class='ocrx_word' id='word_1_54' title='bbox 341 1238 444 1335; x_wconf 83' lang='lat' dir='ltr'><strong>quod</strong></span> <span class='ocrx_word' id='word_1_55' title='bbox 481 1239 742 1334; x_wconf 83' lang='lat' dir='ltr'>consequitur,</span> <span class='ocrx_word' id='word_1_56' title='bbox 778 1240 942 1339; x_wconf 85' lang='lat' dir='ltr'><strong>oblonga</strong></span> <span class='ocrx_word' id='word_1_57' title='bbox 977 1246 1057 1338; x_wconf 83' lang='lat' dir='ltr'><strong>ejus</strong></span> 
     </span>
     <span class='ocr_line' id='line_1_9' title="bbox 74 1352 1058 1455; baseline 0 -27"><span class='ocrx_word' id='word_1_58' title='bbox 74 1352 208 1445; x_wconf 84' lang='lat' dir='ltr'><strong>fissura,</strong></span> <span class='ocrx_word' id='word_1_59' title='bbox 240 1383 321 1454; x_wconf 85' lang='lat' dir='ltr'><strong>quac</strong></span> <span class='ocrx_word' id='word_1_60' title='bbox 352 1354 514 1428; x_wconf 89' lang='lat' dir='ltr'><strong>annulus</strong></span> <span class='ocrx_word' id='word_1_61' title='bbox 533 1355 688 1443; x_wconf 89' lang='lat' dir='ltr'><strong>dicitur,</strong></span> <span class='ocrx_word' id='word_1_62' title='bbox 718 1359 1058 1455; x_wconf 79' lang='lat' dir='ltr'>constringeretur,</span> 
     </span>
     <span class='ocr_line' id='line_1_10' title="bbox 74 1472 1064 1570; baseline 0.002 -24"><span class='ocrx_word' id='word_1_63' title='bbox 74 1499 142 1546; x_wconf 91' lang='lat' dir='ltr'><strong>non</strong></span> <span class='ocrx_word' id='word_1_64' title='bbox 157 1489 251 1550; x_wconf 89' lang='lat' dir='ltr'><strong>esset</strong></span> <span class='ocrx_word' id='word_1_65' title='bbox 269 1472 503 1559; x_wconf 86' lang='lat' dir='ltr'><strong>mirandum,</strong></span> <span class='ocrx_word' id='word_1_66' title='bbox 537 1474 567 1542; x_wconf 93' lang='lat' dir='ltr'><strong>si</strong></span> <span class='ocrx_word' id='word_1_67' title='bbox 593 1495 677 1550; x_wconf 85' lang='lat' dir='ltr'><strong>¹vase</strong></span> <span class='ocrx_word' id='word_1_68' title='bbox 708 1473 978 1570; x_wconf 77' lang='lat' dir='ltr'><strong>quadantenus</strong></span> <span class='ocrx_word' id='word_1_69' title='bbox 994 1477 1064 1548; x_wconf 52' lang='lat' dir='ltr'><strong>a&#39;dss</strong></span> 
     </span>
     <span class='ocr_line' id='line_1_11' title="bbox 75 1589 1067 1698; baseline 0.002 -35"><span class='ocrx_word' id='word_1_70' title='bbox 75 1595 190 1665; x_wconf 85' lang='lat' dir='ltr'><strong>stricto</strong></span> <span class='ocrx_word' id='word_1_71' title='bbox 203 1591 329 1692; x_wconf 89' lang='lat' dir='ltr'><strong>quod,</strong></span> <span class='ocrx_word' id='word_1_72' title='bbox 350 1589 432 1662; x_wconf 90' lang='lat' dir='ltr'><strong>illac</strong></span> <span class='ocrx_word' id='word_1_73' title='bbox 451 1591 650 1673; x_wconf 81' lang='lat' dir='ltr'><strong>transiens,</strong></span> <span class='ocrx_word' id='word_1_74' title='bbox 672 1611 798 1662; x_wconf 86' lang='lat' dir='ltr'><strong>semen</strong></span> <span class='ocrx_word' id='word_1_75' title='bbox 813 1589 948 1679; x_wconf 85' lang='lat' dir='ltr'><strong>defert,</strong></span> <span class='ocrx_word' id='word_1_76' title='bbox 969 1617 1067 1698; x_wconf 55' lang='lat' dir='ltr'><strong>non:</strong></span> 
     </span>
     <span class='ocr_line' id='line_1_12' title="bbox 75 1707 1064 1805; baseline 0.004 -27"><span class='ocrx_word' id='word_1_77' title='bbox 75 1709 157 1780; x_wconf 84' lang='lat' dir='ltr'>nihil</span> <span class='ocrx_word' id='word_1_78' title='bbox 176 1711 289 1805; x_wconf 90' lang='lat' dir='ltr'><strong>hujus</strong></span> <span class='ocrx_word' id='word_1_79' title='bbox 308 1707 560 1779; x_wconf 72' lang='lat' dir='ltr'><strong>retardaretur</strong></span> <span class='ocrx_word' id='word_1_80' title='bbox 581 1719 768 1790; x_wconf 80' lang='lat' dir='ltr'><strong>ascensus.</strong></span> <span class='ocrx_word' id='word_1_81' title='bbox 784 1709 854 1780; x_wconf 88' lang='lat' dir='ltr'><strong>Sed</strong></span> <span class='ocrx_word' id='word_1_82' title='bbox 874 1713 912 1779; x_wconf 91' lang='lat' dir='ltr'><strong>in</strong></span> <span class='ocrx_word' id='word_1_83' title='bbox 926 1711 1004 1781; x_wconf 86' lang='lat' dir='ltr'><strong>boc</strong></span> <span class='ocrx_word' id='word_1_84' title='bbox 1027 1725 1064 1784; x_wconf 88' lang='lat' dir='ltr'><strong>et</strong></span> 
     </span>
     <span class='ocr_line' id='line_1_13' title="bbox 75 1821 1063 1926; baseline 0.002 -32"><span class='ocrx_word' id='word_1_85' title='bbox 75 1826 108 1896; x_wconf 91' lang='lat' dir='ltr'><strong>in</strong></span> <span class='ocrx_word' id='word_1_86' title='bbox 121 1827 188 1904; x_wconf 93' lang='lat' dir='ltr'><strong>illis</strong></span> <span class='ocrx_word' id='word_1_87' title='bbox 202 1849 358 1924; x_wconf 81' lang='lat' dir='ltr'><strong>quoque</strong></span> <span class='ocrx_word' id='word_1_88' title='bbox 379 1822 532 1896; x_wconf 81' lang='lat' dir='ltr'><strong>fortasse</strong></span> <span class='ocrx_word' id='word_1_89' title='bbox 556 1826 644 1896; x_wconf 81' lang='lat' dir='ltr'><strong>viris</strong></span> <span class='ocrx_word' id='word_1_90' title='bbox 669 1821 763 1896; x_wconf 71' lang='lat' dir='ltr'><strong>fieri</strong></span> <span class='ocrx_word' id='word_1_91' title='bbox 778 1842 921 1924; x_wconf 89' lang='lat' dir='ltr'><strong>potest,</strong></span> <span class='ocrx_word' id='word_1_92' title='bbox 941 1853 1063 1926; x_wconf 75' lang='lat' dir='ltr'><strong>quan-</strong></span> 
     </span>
     <span class='ocr_line' id='line_1_14' title="bbox 19 1941 1063 2040; baseline 0.002 -26"><span class='ocrx_word' id='word_1_93' title='bbox 19 1993 20 1998; x_wconf 51' lang='lat'><em>=</em></span> <span class='ocrx_word' id='word_1_94' title='bbox 76 1968 178 2040; x_wconf 88' lang='lat' dir='ltr'><strong>quam</strong></span> <span class='ocrx_word' id='word_1_95' title='bbox 196 1941 398 2016; x_wconf 84' lang='lat' dir='ltr'><strong>restitantis</strong></span> <span class='ocrx_word' id='word_1_96' title='bbox 416 1943 606 2039; x_wconf 86' lang='lat' dir='ltr'><strong>sanguinis</strong></span> <span class='ocrx_word' id='word_1_97' title='bbox 623 1943 760 2014; x_wconf 88' lang='lat' dir='ltr'><strong>indicia</strong></span> <span class='ocrx_word' id='word_1_98' title='bbox 780 1961 1000 2035; x_wconf 60' lang='lat' dir='ltr'><strong>non‘erant,</strong></span> <span class='ocrx_word' id='word_1_99' title='bbox 1016 1949 1063 2016; x_wconf 84' lang='lat' dir='ltr'><strong>ut</strong></span> 
     </span>
     <span class='ocr_line' id='line_1_15' title="bbox 78 2061 1071 2159; baseline 0.003 -29"><span class='ocrx_word' id='word_1_100' title='bbox 78 2085 279 2159; x_wconf 85' lang='lat' dir='ltr'><strong>compressa</strong></span> <span class='ocrx_word' id='word_1_101' title='bbox 309 2077 373 2135; x_wconf 85' lang='lat' dir='ltr'><strong>aut</strong></span> <span class='ocrx_word' id='word_1_102' title='bbox 389 2075 530 2131; x_wconf 83' lang='lat' dir='ltr'><strong>arctata</strong></span> <span class='ocrx_word' id='word_1_103' title='bbox 548 2061 686 2156; x_wconf 87' lang='lat' dir='ltr'><strong>pariter</strong></span> <span class='ocrx_word' id='word_1_104' title='bbox 705 2085 799 2131; x_wconf 87' lang='lat' dir='ltr'><strong>vena</strong></span> <span class='ocrx_word' id='word_1_105' title='bbox 826 2064 1071 2159; x_wconf 76' lang='lat' dir='ltr'><strong>spermatico,</strong></span> 
     </span>
     <span class='ocr_line' id='line_1_16' title="bbox 77 2173 1067 2274; baseline 0.001 -28"><span class='ocrx_word' id='word_1_106' title='bbox 77 2195 256 2254; x_wconf 84' lang='lat' dir='ltr'><strong>reinorato</strong></span> <span class='ocrx_word' id='word_1_107' title='bbox 283 2203 362 2252; x_wconf 85' lang='lat' dir='ltr'><strong>non</strong></span> <span class='ocrx_word' id='word_1_108' title='bbox 382 2180 505 2248; x_wconf 89' lang='lat' dir='ltr'><strong>minus</strong></span> <span class='ocrx_word' id='word_1_109' title='bbox 532 2173 703 2274; x_wconf 78' lang='lat' dir='ltr'><strong>sanguini</strong></span> <span class='ocrx_word' id='word_1_110' title='bbox 722 2195 834 2274; x_wconf 87' lang='lat' dir='ltr'><strong>quam</strong></span> <span class='ocrx_word' id='word_1_111' title='bbox 853 2182 1006 2267; x_wconf 81' lang='lat' dir='ltr'><strong>semibi,</strong></span> <span class='ocrx_word' id='word_1_112' title='bbox 1024 2205 1067 2261; x_wconf 81' lang='lat' dir='ltr'><strong>ea</strong></span> 
     </span>
     <span class='ocr_line' id='line_1_17' title="bbox 19 2293 1068 2393; baseline 0.001 -27"><span class='ocrx_word' id='word_1_113' title='bbox 19 2353 20 2356; x_wconf 63' lang='lat'><strong>,</strong></span> <span class='ocrx_word' id='word_1_114' title='bbox 78 2319 150 2392; x_wconf 76' lang='lat' dir='ltr'><strong>quae</strong></span> <span class='ocrx_word' id='word_1_115' title='bbox 169 2297 354 2393; x_wconf 80' lang='lat' dir='ltr'><strong>diximus,</strong></span> <span class='ocrx_word' id='word_1_116' title='bbox 373 2309 497 2366; x_wconf 86' lang='lat' dir='ltr'><strong>essent</strong></span> <span class='ocrx_word' id='word_1_117' title='bbox 512 2293 721 2365; x_wconf 89' lang='lat' dir='ltr'><strong>tribuenda.</strong></span> <span class='ocrx_word' id='word_1_118' title='bbox 741 2299 835 2365; x_wconf 89' lang='lat' dir='ltr'><strong>Sunt</strong></span> <span class='ocrx_word' id='word_1_119' title='bbox 866 2311 991 2366; x_wconf 89' lang='lat' dir='ltr'><strong>autem</strong></span> <span class='ocrx_word' id='word_1_120' title='bbox 1010 2299 1068 2368; x_wconf 91' lang='lat' dir='ltr'><strong>in-</strong></span> 
     </span>
     <span class='ocr_line' id='line_1_18' title="bbox 77 2409 1069 2510; baseline 0.002 -28"><span class='ocrx_word' id='word_1_121' title='bbox 77 2413 311 2486; x_wconf 83' lang='lat' dir='ltr'><strong>terValsalvae</strong></span> <span class='ocrx_word' id='word_1_122' title='bbox 324 2413 464 2484; x_wconf 85' lang='lat' dir='ltr'><strong>litteras</strong></span> <span class='ocrx_word' id='word_1_123' title='bbox 480 2410 650 2508; x_wconf 75' lang='lat' dir='ltr'><strong>quaedam</strong></span> <span class='ocrx_word' id='word_1_124' title='bbox 664 2409 710 2480; x_wconf 93' lang='lat' dir='ltr'><strong>ad</strong></span> <span class='ocrx_word' id='word_1_125' title='bbox 724 2413 845 2485; x_wconf 89' lang='lat' dir='ltr'><strong>virum</strong></span> <span class='ocrx_word' id='word_1_126' title='bbox 857 2415 1069 2510; x_wconf 85' lang='lat' dir='ltr'><strong>principem</strong></span> 
     </span>
     <span class='ocr_line' id='line_1_19' title="bbox 79 2509 1071 2627; baseline 0.003 -29"><span class='ocrx_word' id='word_1_127' title='bbox 79 2529 181 2619; x_wconf 85' lang='lat' dir='ltr'><strong>datae,</strong></span> <span class='ocrx_word' id='word_1_128' title='bbox 199 2531 261 2610; x_wconf 88' lang='lat' dir='ltr'><strong>cui</strong></span> <span class='ocrx_word' id='word_1_129' title='bbox 275 2537 359 2627; x_wconf 80' lang='lat' dir='ltr'><strong>post</strong></span> <span class='ocrx_word' id='word_1_130' title='bbox 380 2535 529 2626; x_wconf 83' lang='lat' dir='ltr'><strong>nuptias</strong></span> <span class='ocrx_word' id='word_1_131' title='bbox 541 2527 732 2598; x_wconf 90' lang='lat' dir='ltr'><strong>testiculus</strong></span> <span class='ocrx_word' id='word_1_132' title='bbox 748 2509 914 2600; x_wconf 84' lang='lat' dir='ltr'><strong>creverat</strong></span> <span class='ocrx_word' id='word_1_133' title='bbox 929 2529 975 2600; x_wconf 94' lang='lat' dir='ltr'><strong>ad</strong></span> <span class='ocrx_word' id='word_1_134' title='bbox 994 2533 1071 2627; x_wconf 84' lang='lat' dir='ltr'><strong>gal·-</strong></span> 
     </span>
     <span class='ocr_line' id='line_1_20' title="bbox 77 2644 1071 2744; baseline 0.003 -29"><span class='ocrx_word' id='word_1_135' title='bbox 77 2646 203 2720; x_wconf 87' lang='lat' dir='ltr'><strong>linacei</strong></span> <span class='ocrx_word' id='word_1_136' title='bbox 222 2646 284 2718; x_wconf 90' lang='lat' dir='ltr'><strong>ovi</strong></span> <span class='ocrx_word' id='word_1_137' title='bbox 303 2644 612 2744; x_wconf 84' lang='lat' dir='ltr'><strong>magnitudinem.</strong></span> <span class='ocrx_word' id='word_1_138' title='bbox 634 2649 742 2715; x_wconf 91' lang='lat' dir='ltr'><strong>Hunc</strong></span> <span class='ocrx_word' id='word_1_139' title='bbox 761 2646 929 2717; x_wconf 86' lang='lat' dir='ltr'><strong>Valsalva</strong></span> <span class='ocrx_word' id='word_1_140' title='bbox 946 2663 1071 2718; x_wconf 88' lang='lat' dir='ltr'><strong>tumo-</strong></span> 
     </span>
     <span class='ocr_line' id='line_1_21' title="bbox 78 2764 1070 2861; baseline 0.001 -27"><span class='ocrx_word' id='word_1_141' title='bbox 78 2789 150 2838; x_wconf 89' lang='lat' dir='ltr'><strong>rem</strong></span> <span class='ocrx_word' id='word_1_142' title='bbox 170 2765 435 2838; x_wconf 81' lang='lat' dir='ltr'><strong>asubsistente</strong></span> <span class='ocrx_word' id='word_1_143' title='bbox 458 2764 599 2834; x_wconf 86' lang='lat' dir='ltr'><strong>semine</strong></span> <span class='ocrx_word' id='word_1_144' title='bbox 624 2786 702 2833; x_wconf 90' lang='lat' dir='ltr'><strong>esse</strong></span> <span class='ocrx_word' id='word_1_145' title='bbox 728 2785 837 2860; x_wconf 89' lang='lat' dir='ltr'><strong>posse</strong></span> <span class='ocrx_word' id='word_1_146' title='bbox 861 2765 1070 2861; x_wconf 81' lang='lat' dir='ltr'><strong>cogitabat,</strong></span> 
     </span>
     <span class='ocr_line' id='line_1_22' title="bbox 79 2880 1073 2981; baseline -0.003 -26"><span class='ocrx_word' id='word_1_147' title='bbox 79 2909 142 2956; x_wconf 88' lang='lat' dir='ltr'><strong>nec</strong></span> <span class='ocrx_word' id='word_1_148' title='bbox 155 2897 289 2981; x_wconf 74' lang='lat' dir='ltr'><strong>praeter</strong></span> <span class='ocrx_word' id='word_1_149' title='bbox 304 2883 503 2967; x_wconf 87' lang='lat' dir='ltr'><strong>rationem,</strong></span> <span class='ocrx_word' id='word_1_150' title='bbox 516 2895 715 2977; x_wconf 85' lang='lat' dir='ltr'><strong>propterea</strong></span> <span class='ocrx_word' id='word_1_151' title='bbox 727 2881 814 2976; x_wconf 89' lang='lat' dir='ltr'><strong>quia</strong></span> <span class='ocrx_word' id='word_1_152' title='bbox 824 2905 921 2977; x_wconf 83' lang='lat' dir='ltr'><strong>aeger</strong></span> <span class='ocrx_word' id='word_1_153' title='bbox 933 2904 1011 2952; x_wconf 87' lang='lat' dir='ltr'><strong>non</strong></span> <span class='ocrx_word' id='word_1_154' title='bbox 1025 2880 1073 2952; x_wconf 82' lang='lat' dir='ltr'><strong>la·</strong></span> 
     </span>
     <span class='ocr_line' id='line_1_23' title="bbox 80 2995 1075 3096; baseline -0.001 -27"><span class='ocrx_word' id='word_1_155' title='bbox 80 3001 143 3078; x_wconf 86' lang='lat' dir='ltr'><strong>cile</strong></span> <span class='ocrx_word' id='word_1_156' title='bbox 177 3023 326 3086; x_wconf 81' lang='lat' dir='ltr'><strong>semen,</strong></span> <span class='ocrx_word' id='word_1_157' title='bbox 357 3024 433 3096; x_wconf 91' lang='lat' dir='ltr'><strong>quo</strong></span> <span class='ocrx_word' id='word_1_158' title='bbox 461 2995 675 3068; x_wconf 84' lang='lat' dir='ltr'><strong>abundabat</strong></span> <span class='ocrx_word' id='word_1_159' title='bbox 708 2997 899 3094; x_wconf 91' lang='lat' dir='ltr'><strong>alioquin,</strong></span> <span class='ocrx_word' id='word_1_160' title='bbox 931 2999 1075 3077; x_wconf 83' lang='lat' dir='ltr'><strong>solebat</strong></span> 
     </span>
     <span class='ocr_line' id='line_1_24' title="bbox 81 3113 1076 3212; baseline 0.002 -24"><span class='ocrx_word' id='word_1_161' title='bbox 81 3119 262 3204; x_wconf 85' lang='lat' dir='ltr'><strong>emittere,</strong></span> <span class='ocrx_word' id='word_1_162' title='bbox 280 3130 323 3190; x_wconf 87' lang='lat' dir='ltr'><strong>ut</strong></span> <span class='ocrx_word' id='word_1_163' title='bbox 339 3115 529 3186; x_wconf 87' lang='lat' dir='ltr'><strong>interdum</strong></span> <span class='ocrx_word' id='word_1_164' title='bbox 542 3139 582 3184; x_wconf 88' lang='lat' dir='ltr'><strong>re</strong></span> <span class='ocrx_word' id='word_1_165' title='bbox 599 3113 816 3212; x_wconf 80' lang='lat' dir='ltr'><strong>imperfecta</strong></span> <span class='ocrx_word' id='word_1_166' title='bbox 831 3140 851 3185; x_wconf 91' lang='lat' dir='ltr'><strong>a</strong></span> <span class='ocrx_word' id='word_1_167' title='bbox 869 3116 1076 3190; x_wconf 87' lang='lat' dir='ltr'><strong>concubitu</strong></span> 
     </span>
     <span class='ocr_line' id='line_1_25' title="bbox 82 3231 1077 3329; baseline 0.001 -25"><span class='ocrx_word' id='word_1_168' title='bbox 82 3234 294 3314; x_wconf 86' lang='lat' dir='ltr'><strong>discederet.</strong></span> <span class='ocrx_word' id='word_1_169' title='bbox 314 3233 456 3304; x_wconf 85' lang='lat' dir='ltr'><strong>Pariter</strong></span> <span class='ocrx_word' id='word_1_170' title='bbox 468 3234 506 3303; x_wconf 89' lang='lat' dir='ltr'><strong>in</strong></span> <span class='ocrx_word' id='word_1_171' title='bbox 524 3233 683 3328; x_wconf 88' lang='lat' dir='ltr'><strong>juvene,</strong></span> <span class='ocrx_word' id='word_1_172' title='bbox 705 3231 751 3302; x_wconf 89' lang='lat' dir='ltr'><strong>de</strong></span> <span class='ocrx_word' id='word_1_173' title='bbox 771 3258 848 3329; x_wconf 91' lang='lat' dir='ltr'><strong>quo</strong></span> <span class='ocrx_word' id='word_1_174' title='bbox 865 3250 991 3304; x_wconf 86' lang='lat' dir='ltr'><strong>narrat</strong></span> <span class='ocrx_word' id='word_1_175' title='bbox 1004 3235 1077 3305; x_wconf 89' lang='lat' dir='ltr'><strong>Hil-</strong></span> 
     </span>
     <span class='ocr_line' id='line_1_26' title="bbox 81 3350 1076 3447; baseline 0 -25"><span class='ocrx_word' id='word_1_176' title='bbox 81 3351 286 3447; x_wconf 69' lang='lat' dir='ltr'><strong>danusli),</strong></span> <span class='ocrx_word' id='word_1_177' title='bbox 308 3351 415 3446; x_wconf 89' lang='lat' dir='ltr'><strong>cujus</strong></span> <span class='ocrx_word' id='word_1_178' title='bbox 444 3351 668 3420; x_wconf 87' lang='lat' dir='ltr'><strong>narrationis</strong></span> <span class='ocrx_word' id='word_1_179' title='bbox 689 3373 873 3420; x_wconf 86' lang='lat' dir='ltr'><strong>summam</strong></span> <span class='ocrx_word' id='word_1_180' title='bbox 893 3350 1008 3422; x_wconf 91' lang='lat' dir='ltr'><strong>babes</strong></span> <span class='ocrx_word' id='word_1_181' title='bbox 1036 3353 1076 3422; x_wconf 81' lang='lat' dir='ltr'><strong>it1</strong></span> 
     </span>
     <span class='ocr_line' id='line_1_27' title="bbox 82 3453 1078 3563; baseline -0.005 -23"><span class='ocrx_word' id='word_1_182' title='bbox 82 3467 293 3542; x_wconf 86' lang='lat' dir='ltr'><strong>scholioad</strong></span> <span class='ocrx_word' id='word_1_183' title='bbox 319 3492 399 3538; x_wconf 86' lang='lat' dir='ltr'><strong>earn</strong></span> <span class='ocrx_word' id='word_1_184' title='bbox 422 3491 535 3563; x_wconf 87' lang='lat' dir='ltr'><strong>quam</strong></span> <span class='ocrx_word' id='word_1_185' title='bbox 559 3467 598 3536; x_wconf 89' lang='lat' dir='ltr'><strong>in</strong></span> <span class='ocrx_word' id='word_1_186' title='bbox 629 3457 879 3562; x_wconf 88' lang='lat' dir='ltr'><strong>Sepulcbreto</strong></span> <span class='ocrx_word' id='word_1_187' title='bbox 895 3453 1078 3559; x_wconf 60' lang='lat' dir='ltr'><strong>indicavi-</strong></span> 
     </span>
     <span class='ocr_line' id='line_1_28' title="bbox 81 3583 1078 3683; baseline -0.004 -27"><span class='ocrx_word' id='word_1_188' title='bbox 81 3610 162 3658; x_wconf 86' lang='lat' dir='ltr'><strong>mus</strong></span> <span class='ocrx_word' id='word_1_189' title='bbox 177 3585 233 3683; x_wconf 82' lang='lat' dir='ltr'><strong>(a)</strong></span> <span class='ocrx_word' id='word_1_190' title='bbox 249 3584 411 3656; x_wconf 90' lang='lat' dir='ltr'><strong>Barbetti</strong></span> <span class='ocrx_word' id='word_1_191' title='bbox 429 3583 748 3670; x_wconf 88' lang='lat' dir='ltr'><strong>observationem,</strong></span> <span class='ocrx_word' id='word_1_192' title='bbox 768 3585 852 3679; x_wconf 86' lang='lat' dir='ltr'><strong>quis</strong></span> <span class='ocrx_word' id='word_1_193' title='bbox 871 3609 949 3654; x_wconf 88' lang='lat' dir='ltr'><strong>non</strong></span> <span class='ocrx_word' id='word_1_194' title='bbox 969 3609 990 3654; x_wconf 88' lang='lat' dir='ltr'><strong>a</strong></span> <span class='ocrx_word' id='word_1_195' title='bbox 1020 3611 1078 3658; x_wconf 50' lang='lat' dir='ltr'><strong>se*</strong></span> 
     </span>
    </p>
   </div>
   <div class='ocr_carea' id='block_1_3' title="bbox 117 3845 652 4042">
    <p class='ocr_par' dir='ltr' id='par_1_3' title="bbox 117 3845 652 4042">
     <span class='ocr_line' id='line_1_29' title="bbox 121 3845 652 3945; baseline -0.006 -21"><span class='ocrx_word' id='word_1_196' title='bbox 121 3867 168 3944; x_wconf 81' lang='lat' dir='ltr'><strong>(i)</strong></span> <span class='ocrx_word' id='word_1_197' title='bbox 186 3869 269 3931; x_wconf 76' lang='lat' dir='ltr'><strong>Ceut,</strong></span> <span class='ocrx_word' id='word_1_198' title='bbox 287 3874 319 3938; x_wconf 77' lang='lat'><strong>4,</strong></span> <span class='ocrx_word' id='word_1_199' title='bbox 336 3845 399 3932; x_wconf 77' lang='lat' dir='ltr'><strong>obs.</strong></span> <span class='ocrx_word' id='word_1_200' title='bbox 413 3866 468 3945; x_wconf 68' lang='grc'><strong>64,</strong></span> <span class='ocrx_word' id='word_1_201' title='bbox 483 3866 605 3940; x_wconf 63' lang='lat' dir='ltr'><strong>exempl.</strong></span> <span class='ocrx_word' id='word_1_202' title='bbox 626 3885 652 3931; x_wconf 67' lang='grc' dir='ltr'><strong>ι.</strong></span> 
     </span>
     <span class='ocr_line' id='line_1_30' title="bbox 117 3965 531 4042; baseline -0.007 -18"><span class='ocrx_word' id='word_1_203' title='bbox 117 3966 166 4042; x_wconf 80' lang='lat' dir='ltr'><strong>la)</strong></span> <span class='ocrx_word' id='word_1_204' title='bbox 186 3968 226 4022; x_wconf 89' lang='lat' dir='ltr'><strong>N.</strong></span> <span class='ocrx_word' id='word_1_205' title='bbox 248 3967 295 4042; x_wconf 74' lang='lat'><strong>39.</strong></span> <span class='ocrx_word' id='word_1_206' title='bbox 528 3965 531 3974; x_wconf 82' lang='grc'><em>’</em></span> 
     </span>
    </p>
   </div>
   <div class='ocr_carea' id='block_1_4' title="bbox 156 4041 191 4126">
    <p class='ocr_par' dir='ltr' id='par_1_4' title="bbox 156 4041 191 4126">
     <span class='ocr_line' id='line_1_31' title="bbox 156 4041 191 4126; baseline -0.229 0"><span class='ocrx_word' id='word_1_207' title='bbox 156 4041 191 4126; x_wconf 77' lang='grc'><strong>5.</strong></span> 
     </span>
    </p>
   </div>
   <div class='ocr_carea' id='block_1_5' title="bbox 0 0 1412 4668">
    <p class='ocr_par' dir='ltr' id='par_1_5' title="bbox 0 0 1412 4668">
     <span class='ocr_line' id='line_1_32' title="bbox 0 0 1412 4668; baseline 0 0"><span class='ocrx_word' id='word_1_208' title='bbox 0 0 1412 4668; x_wconf 95' lang='lat' dir='ltr'><strong> </strong></span> 
     </span>
    </p>
   </div>
  </div>
 </body>
</html>
