2810 4668
103 483 109 490 ,
152 455 224 502 mn.
255 455 310 502 ιιι.
338 455 385 500 us
411 451 733 519 monuissemus,
758 454 870 503 rerer.
897 454 992 502 xnvr.
1021 428 1090 504 555
1151 503 1155 510 .

85 569 276 658 medicus,
288 569 466 667 idemque
483 565 703 668 chirurgus,
724 593 809 640 cum
834 571 875 642 in
889 571 1011 667 prima
1024 593 1093 668 pu·

73 687 232 760 'bertate
256 687 498 784 inspexisset,
517 687 720 766 consilium
748 685 894 760 dederit
915 689 1090 760 immissis

86 831 166 902 quae
190 805 241 877 ad
270 805 308 874 id
329 819 452 878 essent
490 803 651 893 idonea,
682 805 861 904 paulatim
888 805 1089 894 dilatandi3

86 939 215 1008 caetere
232 924 334 994 enim
351 936 513 1010 aetatem,
529 936 566 994 et
590 925 733 1012 virum,
750 924 780 995 si
797 922 978 1013 nuberet,
1008 949 1091 1022 per·

86 1037 283 1115 lecturum.
307 1043 352 1110 Se
373 1063 462 1112 vero
477 1038 622 1138 aliquid
644 1040 792 1112 illorum
827 1041 1090 1138 quadantenus
1147 1055 1149 1060 '

86 1173 120 1230 et
135 1158 342 1255 aliquando
358 1158 554 1230 immisisse
568 1156 1089 1247 ,etnonnihilforaminisori·
1158 1243 1161 1247 ,
1178 1239 1179 1244 1

85 1273 210 1354 ficium
237 1301 282 1350 ea
303 1277 448 1348 ratione
469 1277 658 1366 dilatasse,
684 1277 865 1350 ulteriora
881 1276 980 1348 ferre
1009 1296 1088 1350 nou

84 1395 270 1489 potuisse:
289 1396 412 1465 virum
431 1419 584 1492 quoque
606 1397 666 1466 cui
686 1420 707 1464 a
724 1395 888 1466 triennio
908 1394 1090 1469 collocata

85 1528 197 1600 esset,
236 1511 380 1588 crebris
408 1511 607 1586 conatibus
633 1511 734 1585 idem
761 1510 946 1587 orificium
972 1513 1087 1611 paulo

85 1632 196 1727 magis
221 1628 493 1726 amplificasse3
514 1629 640 1720 subire
659 1646 784 1707 autem
806 1655 1003 1728 nunquam
1020 1655 1088 1728 po·
1206 1691 1209 1709 .

84 1750 204 1822 tuisse.
235 1748 386 1840 Quibus
414 1748 568 1838 auditis,
598 1749 745 1846 inspexi
764 1773 807 1820 ea
825 1763 973 1836 mente,
994 1763 1036 1824 ut
1054 1749 1084 1820 si

85 1869 237 1942 crassior
265 1865 363 1940 forte
382 1866 547 1965 hymen,
571 1868 811 1964 tenuiorique
838 1882 969 1966 patens
987 1865 1098 1945 forte·

85 1987 179 2057 mine
202 1985 606 2073 obstaretgincisionis
628 1999 762 2059 auctor
786 2009 924 2075 essem,
944 2000 986 2058 ut
1004 1984 1085 2058 fue·

86 2118 170 2180 runt
186 2103 267 2192 alii,
285 2119 322 2177 et
348 2104 386 2174 in
408 2102 466 2174 his
482 2089 625 2178 Blasius
640 2101 714 2201 (·1):
743 2107 799 2178 sin
826 2105 1001 2201 angustiae
1019 2129 1087 2202 per
1171 2149 1173 2154 -

86 2221 249 2316 vaginam
265 2220 377 2294 altius
392 2237 615 2320 pergerent3
631 2221 724 2337 quid
738 2237 775 2294 et
785 2238 970 2320 quatenus
987 2220 1086 2294 facto

87 2358 173 2431 opus
186 2354 300 2425 esset,
319 2340 570 2436 excogitarem
581 2355 598 2428 ;'
612 2341 774 2415 necdum
795 2341 896 2416 enim
914 2341 958 2412 cl.
977 2346 1088 2414 Bene·

86 2453 191 2530 volus.
204 2455 432 2554 imitandum
443 2481 546 2553 aeque
562 2453 680 2528 facilis
692 2481 735 2527 ac
748 2454 865 2529 felicis
879 2459 1084 2531 curationis

87 2573 293 2668 exemplum
323 2571 386 2670 (2)
410 2563 678 2670 proposueram
701 2599 787 2645 cum
810 2573 983 2670 plurimis
1001 2559 1090 2671 post

84 2691 183 2763 annis
202 2692 284 2786 ejus
309 2690 591 2770 observationes
610 2690 831 2789 prodierint.
852 2693 945 2764 Nem
965 2716 1085 2788 quaea
1144 2721 1146 2728 ’

86 2802 196 2876 Blasio
212 2806 271 2905 (3)
291 2809 330 2881 in
354 2807 516 2904 quadam
544 2810 604 2880 oui
631 2808 670 2881 id
691 2833 713 2878 a
739 2823 850 2905 partu
882 2808 1085 2895 acciderat,
1196 2856 1199 2862 ·

87 2925 222 3000 curatio
237 2927 407 3022 exposita
424 2941 501 3014 est,
520 2927 634 3002 nimis
650 2947 803 3024 aspera,
826 2951 874 2999 ue
892 2925 1014 2998 dicam
1032 2925 1084 2998 ob

87 3035 204 3115 laesum
225 3059 372 3120 rectum
390 3044 631 3131 intestinum,
655 3044 805 3142 longior
828 3042 906 3116 fuit.
927 3048 1084 3142 sperare

87 3171 230 3247 autem,
268 3175 310 3234 ut
335 3176 550 3258 praegnante
580 3161 746 3258 denique
776 3157 871 3235 facta
907 3161 1082 3247 muliere,

87 3276 401 3365 quemadmodum
422 3278 477 3352 illi
501 3277 637 3354 accidit
654 3278 798 3380 deque
822 3276 950 3354 retulit
967 3285 1083 3351 Anto-

87 3389 164 3465 nius
180 3393 249 3489 (lt),
277 3394 324 3468 ab
344 3397 441 3491 uteri
461 3397 540 3493 ipsa
569 3398 775 3494 gestatione
794 3396 932 3492 ‘vagina
952 3395 1084 3472 dilata·
1104 3495 1106 3500 Ι

85 3577 1077 3612 --—-----.-.-.-.-------.........

135 3726 146 3760 1
180 3713 257 3769 Part.
273 3732 308 3786 α,
324 3714 389 3771 obs.
401 3715 478 3770 med.
492 3713 521 3770 6.

134 3708 163 3879 al
181 3811 333 3870 Osservaz.
346 3832 371 3869 a.

133 3904 160 3980 3)
179 3911 257 3966 Part.
269 3932 308 3984 a,
323 3913 371 3969 cit.
385 3911 448 3968 obs.
467 3932 496 3984 7.
590 3947 593 3954 ·

134 3999 159 4079 l)
179 4007 255 4067 llist.
270 4012 306 4070 de
320 4011 432 4072 l’Acad.
446 4030 512 4090 roy.
527 4011 578 4072 des
590 4012 658 4086 Sc,
673 4027 723 4074 sn.
739 4013 998 4086 immolassent.
1017 4033 1047 4074 a.

108 3703 132 3797 l

120 3803 130 3872 l

121 3900 132 4077 l
