2790 4668
167 395 244 446 tta.
278 401 331 448 ιιι.
360 401 406 448 ur
434 399 895 463 uonrrsvrnrn1s‚s.arrsr.
924 396 1016 445 xciv.
1046 371 1118 470 469
1155 455 1157 460 ,

101 511 226 583 rlroea.
250 513 326 584 Sed
345 513 426 586 haec
436 513 643 585 interdum.
654 513 793 611 Saepius
804 514 904 583 enim
916 511 963 583 ad
977 537 1019 582 ea
1038 534 1120 608 quae

102 630 290 700 Vesalius
310 631 379 717 ait,
405 630 624 731 explicanda
643 629 717 700 loci
737 631 838 702 illius
854 631 1121 722 irritationem,

103 743 528 845 inflammationemque
553 748 640 818 satis
664 771 741 820 esse
762 748 935 818 arbitror.
969 749 1024 817 De
1046 743 1122 818 hoc

105 885 254 958 genere
267 843 362 960 quid
379 889 399 935 a
420 887 479 935 me
496 879 738 965 conspectum
760 867 825 953 sit,
840 871 975 962 accipe.

162 979 221 1052 15.
247 985 370 1053 Senex
396 981 631 1079 decrepitus,
657 981 718 1052 lue
749 1006 913 1052 venerea·
938 981 1122 1079 plurimos

102 1095 183 1190 jam
206 1121 335 1170 annos
352 1099 448 1170 male
476 1098 699 1183 mulctatus,
728 1113 783 1168 nt·
799 1123 882 1194 quaa
902 1099 1122 1196 loqueretur

105 1213 168 1282 rix
187 1215 441 1312 intelligeres,
460 1217 576 1286 urinae
587 1231 710 1286 autern
739 1207 981 1301 difficultate,
1001 1228 1037 1284 et
1059 1237 1123 1310 go·

106 1330 300 1404 uorrhoea
317 1331 481 1430 denique
512 1333 749 1407 aduodecim
780 1333 856 1429 jam
885 1335 993 1402 annis
1019 1330 1120 1401 labo·

109 1464 231 1538 reret,
250 1449 312 1520 his
331 1450 455 1538 malis,
469 1465 505 1522 et
521 1453 601 1548 ipsa
622 1466 725 1522 aetate
748 1451 848 1522 lente
873 1447 1121 1535 confectus‚e

37 1657 42 1668 ι
109 1565 186 1635 vita
204 1583 372 1638 cesserat
387 1584 472 1640 ante
494 1568 659 1640 medium
679 1569 892 1663 januarium
906 1566 996 1635 anni
1018 1559 1120 1661 ¹7¹7·

112 1681 321 1756 cadaueris
354 1685 534 1782 quasdam
555 1702 679 1785 partes
706 1687 746 1756 in
770 1683 991 1756 nosocomio
1011 1673 1124 1752 'disse-

113 1816 269 1888 cantes‚
298 1801 377 1874 haec
395 1827 477 1900 quae
496 1803 542 1874 ad
564 1805 776 1901 propositos
804 1801 959 1874 morbos
984 1815 1123 1897 specta·

113 1933 219 2006 rent,
236 1919 579 1992 animadvertimus.
594 1923 732 2009 Uvula,
751 1921 858 2017 cujus
870 1943 956 2017 pars
975 1917 1124 2002 deerat,

114 2032 255 2134 linguae
275 2038 448 2134 superior
464 2053 653 2135 postrema
672 2035 903 2136 superficies,
923 2049 959 2108 et
976 2055 1122 2122 annexa
1200 2036 1201 2040 ’

117 2150 208 2221 olim
229 2177 300 2250 per
322 2153 520 2252 ligamenta
538 2155 725 2252 epiglottis
750 2155 925 2253 cartilago
949 2154 998 2222 ita
1017 2163 1125 2222 erant

118 2270 366 2358 cicatricosa,
395 2287 437 2342 ut
455 2272 551 2342 nihil
569 2276 695 2372 magis.
726 2279 855 2371 ltaque
882 2298 924 2342 ea
946 2269 1123 2364 cartilago

119 2385 357 2484 inaequaliter
381 2406 590 2480 contracta,
626 2393 665 2462 in
697 2393 961 2488 triangularem
987 2411 1126 2486 prope-

122 2505 282 2582 modum
299 2509 475 2580 verticem
500 2507 710 2588 desinebat,
727 2508 847 2578 multo
871 2507 1012 2578 caninat
1028 2503 1125 2574 simi·
1187 2592 1189 2596 ι

122 2620 216 2710 lior,
244 2649 357 2722 quam
381 2624 563 2696 humanae.
587 2626 687 2714 Quin
709 2626 838 2696 vitium
863 2625 902 2693 in
932 2623 1127 2718 laryngem

124 2740 327 2838 reliquam,
364 2757 401 2814 et
434 2742 523 2813 huic
558 2743 772 2840 proximum
809 2765 946 2838 asperto
984 2740 1127 2810 arteriae

126 2869 305 2930 truncum
330 2883 367 2930 se
397 2859 648 2958 propagabat:
674 2874 828 2955 eratque
856 2855 1129 2954 arytaenoidum

127 2972 240 3052 altera
255 2977 361 3074 quasi
377 2977 523 3065 luxata,
540 3003 618 3048 non
634 2979 804 3074 compari
820 2974 1012 3074 parallela:
1031 2975 1131 3043 intra
1180 3004 1182 3009 ¹

125 3091 226 3164 illam
250 3110 371 3166 autem
397 3098 572 3167 arteriam
599 3095 798 3192 inaequales
817 3093 1020 3190 magnique
1047 3116 1159 3188 pro-¹

127 3210 332 3284 minebant.
351 3213 456 3310 quasi
483 3213 632 3309 lacerti}
659 3213 842 3286 exteriore
885 3227 1010 3284 autem
1044 3207 1131 3280 sede

132 3324 280 3402 duobus
297 3328 392 3400 infra
414 3330 615 3406 cricoidem
634 3329 887 3428 cartilaginem
912 3327 1134 3416 transversis
1242 3362 1244 3366 ¹

131 3441 255 3540 digitis
270 3447 316 3517 ad
331 3447 489 3518 alterum
511 3446 754 3518 membraneo
775 3445 977 3517 musculosi
997 3443 1131 3514 inters-

134 3560 202 3630 titii
226 3564 322 3636 latus
344 3563 519 3663 glandula
540 3565 705 3636 exstabat
725 3564 857 3634 ciceris
875 3561 1134 3661 magnitudine

136 3691 170 3747 et
191 3676 327 3768 forma,
344 3680 470 3752 colore
491 3697 614 3752 autem
638 3683 809 3768 cinereo,
829 3681 928 3752 intus
953 3705 997 3751 ex
1017 3678 1139 3750 rubro

135 3790 259 3887 fusc0‚
278 3801 315 3870 in
327 3801 489 3872 rotunda
509 3799 681 3870 videlicet
697 3824 807 3870 cavea
822 3824 934 3897 quam
954 3797 1050 3884 albi,
1065 3822 1135 3868 nec

137 3901 207 3984 laxi
225 3917 384 4016 parietes
399 3916 785 4018 comprehendebant.
813 3921 904 3990 Eam
921 3914 1137 4014 glandulam
