2810 4668
141 458 205 503 ma.
233 457 286 502 111.
315 457 362 502 nn
388 429 716 519 aronarsvnnrmm
741 457 852 508 anter.
880 420 981 506 xtvrss
1006 437 1071 512 561

85 571 163 642 licet
176 570 296 643 adhuc
307 568 449 642 florens
465 585 567 658 e,rat;
585 572 765 668 suspicari
784 577 900 670 coepi,
918 573 1073 650 fortasse

85 703 122 759 ut
146 689 271 786 patulo
299 688 441 785 vaginae
461 688 601 777 canali,
622 703 687 762 aut
707 686 869 780 orificio,
888 689 942 764 sic
967 710 1076 770 utero

86 829 231 904 quoque
241 805 289 876 ab
309 821 397 877 ortu
416 823 564 901 carere3
584 821 625 906 ut
651 807 681 876 si
708 807 768 878 vel
789 806 957 908 chirurgi
976 811 1077 885 ferro

84 923 159 994 tolli
170 923 407 996 obstaculum
427 937 574 1021 posset,
588 924 797 1020 periculum
809 941 933 1000 tamen
948 930 1080 1008 subes-

84 1055 149 1130 set,
167 1066 214 1112 ne
227 1041 346 1112 -simul
364 1065 451 1111 eum
470 1065 514 1111 eo
529 1040 670 1124 vesica,
691 1056 756 1112 aut
773 1043 993 1134 intestinum
1014 1049 1079 1122 ali·

85 1157 191 1252 quod·
207 1160 444 1257 proximum,
470 1155 623 1229 absente
641 1153 822 1229 nimirum
844 1175 969 1251 utere,
996 1187 1080 1260 per-

83 1275 316 1364 tunderetur,
336 1301 415 1346 non
432 1299 538 1347 secus
554 1298 596 1349 ac
615 1299 725 1373 grave
742 1275 912 1372 ejusdem
933 1285 1080 1378 generis

82 1393 289 1488 periculum
313 1391 463 1465 suberat
489 1393 529 1462 in
564 1393 781 1466 memoratis
816 1387 905 1466 alias
939 1397 997 1495 (1)
1025 1401 1081 1471 in-

82 1505 255 1599 fantibus,
281 1509 419 1607 quibus
444 1535 538 1583 anus
563 1525 643 1582 erat
662 1508 949 1609 imperforatus,
969 1516 1081 1586 simul

82 1643 197 1699 autem
216 1643 341 1700 totum
365 1643 517 1724 rectum
535 1628 663 1700 deerat
688 1631 917 1702 intestinum.
948 1636 1097 1730 Itaque

82 1768 202 1817 earum
234 1747 386 1843 utrique
407 1761 540 1818 auctor
561 1744 634 1836 fui,
666 1762 708 1817 ut
725 1772 834 1844 aequo
860 1751 986 1820 animo
1006 1748 1080 1823 fer-

80 1879 158 1934 rent
185 1864 408 1962 conjugium
442 1864 539 1936 male
571 1864 708 1935 initum
746 1867 872 1962 potius
901 1865 1054 1940 dissolvi
1069 1849 1094 1956 ’.

80 2004 184 2077 quam
196 2007 241 2055 se
258 1997 398 2054 temere
416 1980 593 2053 secandas
611 1980 831 2079 praeberent.

127 2101 177 2173 13.
196 2104 276 2174 Neo
293 2125 384 2171 vero
403 2098 466 2170 illa
498 2098 593 2170 mihi
620 2097 776 2194 objicias
800 2125 879 2172 non
899 2101 1080 2193 defuisse,

79 2220 292 2292 nec'deesse
307 2217 485 2308 mulieres
509 2242 590 2315 quae
611 2219 690 2288 sine
716 2221 920 2311 menstruis
944 2203 1080 2319 purg'a·

79 2334 240 2409 tionibus
253 2360 348 2408 sanae
366 2336 502 2407 vivant.
525 2333 710 2430 Equidem
731 2337 859 2432 etipse
874 2339 1081 2410 nonnullas
1104 2365 1106 2370 ·

79 2456 161 2526 novi
176 2482 186 2545 3
206 2453 274 2528 sed
287 2453 333 2524 de
348 2453 392 2525 iis
406 2451 507 2522 idem
525 2475 619 2548 saepe
635 2451 740 2548 quod
756 2451 802 2524 de
820 2453 969 2526 duabus
977 2458 1084 2552 prio*
1098 2461 1108 2472 '

77 2569 175 2645 ribus
197 2571 376 2644 dubitavi.
404 2573 451 2642 At
477 2570 595 2658 enim,
615 2569 761 2666 inquis,
781 2569 952 2666 plurimae
971 2589 1080 2661 sunt,

78 2713 154 2786 quae
171 2691 249 2762 illis‘
262 2702 431 2760 carentes
455 2686 743 2786 purgationibus
765 2703 1005 2785 pepererunt.
1034 2695 1082 2771 At
1178 2749 1180 2754 .

77 2821 115 2878 tu
133 2809 243 2881 deme
265 2831 458 2880 erearum
476 2830 635 2878 numero
657 2821 846 2903 quotquot
866 2806 936 2878 sub
965 2808 1079 2905 longe

75 2924 143 2997 alia
159 2927 271 3026 plaga
291 2949 333 2995 ac
351 2937 536 2995 nostrates
547 2977 558 3010 ‚
579 2925 736 2994 vivunt:
761 2923 870 2994 deme
894 2925 1079 3022 viragines

76 3067 166 3138 quas
179 3057 339 3115 vocant:
361 3041 469 3114 deme
486 3045 597 3112 etiam
620 3067 703 3138 quae
723 3041 966 3138 nonintegra
978 3043 1078 3112 vale·

73 3161 205 3233 tudine
232 3174 402 3233 utuntur.
433 3164 515 3230 lam
549 3159 625 3229 istae
653 3142 822 3256 plurimae
852 3156 898 3228 ad
929 3160 1080 3232 nonita

73 3280 212 3350 multas
221 3277 410 3348 redibunt.
426 3276 558 3356 Velsic
568 3290 694 3346 tamen
705 3275 936 3373 ,ais,·plures
953 3290 1079 3366 erunt,
1124 3258 1128 3264 ⁸

74 3419 190 3491 quam
209 3421 289 3494 quae
309 3396 388 3466 sine
407 3375 518 3464 utero
538 3407 632 3464 natae
651 3409 747 3463 sunt.
770 3396 848 3488 Ego
865 3417 956 3463 vero
976 3418 1079 3464 com·

72 3515 310 3609 parationem
329 3513 437 3584 istam
462 3526 553 3581 tunc
580 3511 664 3606 jure
686 3511 837 3580 institui
861 3506 997 3581 faterer
1010 3553 1026 3600 ,=
1050 3515 1081 3584 si

74 3655 190 3726 quam
211 3629 318 3701 facile
339 3628 410 3702 fuit
431 3628 587 3700 medicis
610 3627 757 3697 illarum
783 3641 984 3698 numerum
1012 3629 1080 3699 ad-

114 3953 429 4081 (1)'Epist.3a‚n.3.
532 4031 538 4040 ·

151 4100 185 4173 5.
