2740 4670
238 431 240 436 ’
310 409 382 527 396
423 479 426 490 .
469 455 515 500 nn
541 451 687 504 sumnus
713 451 757 498 n
782 450 906 497 ususts
932 449 1144 525 nonnonun

309 563 552 664 hydatidibus
566 565 750 664 originem
759 561 946 634 habuisse.
958 561 1068 654 Quod
1081 560 1302 658 tibiqmqur

309 683 517 771 ridebitur,
535 700 576 756 ut
594 685 752 782 opinor,
773 681 839 753 ubi
853 682 891 751 in
905 681 1061 778 singulis
1079 679 1303 752 animadver-

311 802 401 874 teris
417 817 482 872 aut
505 801 702 899 hydatitles
722 797 865 896 aliquas
892 799 969 870 sive
999 800 1194 870 etiamtum
1218 799 1303 868 iute-

194 931 197 940 “
313 944 414 1018 gras,
436 921 511 992 sive
524 920 847 1008 semilaceruS,aut
865 919 1042 1015 reliquias
1059 917 1189 988 earum
1204 915 1303 989 fuisse

311 1039 536 1134 superstites.
565 1040 665 1128 Quas
684 1055 887 1136 autequam
915 1035 1199 1108 observationes
1229 1060 1302 1132 pro·

312 1177 453 1250 ponere
473 1169 536 1244 aut
554 1180 853 1226 commemorare
871 1153 1083 1252 aggrediar,
1102 1153 1196 1224 scire
1207 1153 1303 1250 jurat

310 1272 408 1342 iutra
427 1272 520 1343 illud
540 1298 692 1358 cavum,
712 1273 770 1360 uel
791 1271 893 1342 nulla
911 1271 1035 1342 adhue
1054 1270 1232 1364 inchoata
1247 1271 1302 1368 hy·

312 1387 481 1476 drocele,
498 1390 702 1488 aliquando
732 1387 925 1486 hyrlatitles
947 1390 1127 1476 inveniri,
1150 1414 1253 1486 quae,
1279 1387 1304 1458 si

312 1505 510 1594 dissiliant,
529 1523 565 1580 et
585 1534 667 1580 eam
689 1523 803 1605 quam
826 1508 1043 1593 continent,
1067 1530 1202 1604 aquam
1239 1505 1303 1604 prie

311 1649 413 1695 mum
443 1624 661 1715 effundant,
689 1625 826 1696 deinde
850 1626 959 1696 aliam
984 1649 1104 1722 usque
1129 1639 1166 1722 et
1193 1633 1301 1721 usque

311 1743 449 1816 stillare
473 1761 650 1843 pergant,
675 1769 752 1814 non
781 1759 835 1816 est
855 1742 1014 1814 dubium
1045 1743 1140 1839 quin
1166 1740 1303 1812 facture

310 1860 385 1932 sint
397 1859 651 1957 hydio’celem.
666 1865 743 1932 Nos
761 1875 885 1930 autern
900 1859 1054 1956 epistola
1073 1857 1121 1928 ad
1139 1873 1175 1930 te
1195 1855 1302 1954 1V(1)

309 1975 468 2048 duarum
486 1977 536 2048 ibi
548 1960 768 2076 hyrlatiilum
784 1979 1012 2048 mentionem
1031 1975 1204 2062 fecimus,
1219 2001 1302 2074 qua-

300 2117 394 2280 &m
422 2095 576 2202 singulae
607 2095 763 2193 singulis
789 2095 947 2167 testibus
973 2097 1079 2166 erirnt
1112 2093 1304 2190 imposne,

310 2266 312 2268 .
350 2235 452 2308 agore
465 2211 604 2299 aurbu,
624 2214 676 2286 sic
690 2229 833 2300 tamen,
853 2228 894 2283 ut
909 2214 1055 2284 sinistra
1070 2224 1168 2282 esset
1179 2209 1302 2311 major,

310 2325 357 2398 eb
379 2329 483 2420 ouini
504 2327 620 2403 ferrue
641 2347 746 2428 parte
766 2329 893 2402 solutoe
916 2354 959 2400 ac
980 2328 1123 2414 liberae,
1151 2351 1302 2426 eumque

310 2443 508 2520 humorem
521 2449 771 2536 continentes,
783 2472 895 2545 quem
909 2449 989 2546 igni
1002 2449 1222 2546 impositum
1234 2474 1302 2520 non

267 2612 269 2616 »
306 2588 552 2638 ‚concrescere
568 2567 747 2651 vidimus,
774 2565 840 2638 sed
867 2564 997 2638 relicta
1019 2567 1124 2638 tenui
1145 2567 1299 2664 quadarn

306 2681 481 2779 pellicula
495 2737 505 2771 ,
518 2684 560 2754 'in
579 2707 686 2754 auras
701 2707 923 2755 evanescere
941 2708 1020 2752 non
1034 2697 1143 2756 sectrs
1164 2709 1208 2756 ac
1224 2682 1301 2756 tuat·

307 2798 439 2897 pighio
459 2802 514 2898 (o)
537 2801 750 2888 interdum,
779 2815 815 2872 et
839 2799 1018 2872 Valsalvoe
1035 2801 1090 2896 (3)
1110 2801 1246 2874 accidit
1270 2803 1300 2872 iu

308 2917 532 3015 hydroceles
553 2917 713 2990 humore
733 2918 780 2990 ad
801 2917 977 2990 eumdem
1001 2919 1158 2990 modum
1177 2918 1300 2991 exarui·

308 3036 446 3108 nando.
465 3036 536 3108 Sed
548 3037 595 3110 ad
610 3026 691 3108 illas
704 3035 986 3110 observationes
1003 3037 1207 3110 veniamus.

362 3180 416 3252 17.
443 3155 571 3242 Miles,
599 3155 749 3226 vetulus
775 3169 812 3226 et
834 3153 1013 3252 gibbosus
1040 3178 1136 3252 quos
1160 3153 1303 3228 morbos

299 3273 540 3370 pertulisset,
560 3272 745 3370 quibusve
766 3274 967 3346 novissime
987 3287 1083 3344 esset
1097 3271 1300 3359 confectus,

207 3383 208 3391 '
307 3391 425 3488 magis
444 3417 489 3462 ex
510 3391 651 3474 mortui
668 3390 894 3462 dissectione
914 3390 1039 3478 licuit,
1057 3415 1176 3488 quarn
1196 3417 1241 3464 ex
1255 3390 1299 3460 vi*

302 3637 345 3656 ,,,
794 3632 863 3644 .,
1142 3631 1180 3639 ,,

346 3798 391 3878 (ι)
411 3773 447 3854 Νζ
471 3799 520 3855 3ο.
584 3835 586 3842 1

170 3963 172 3969 ,
291 3861 299 3884 ⁹
347 3897 389 3978 (a)
412 3898 499 3955 Locis
511 3899 603 3973 paulo
619 3901 845 3960 anteiudicatis.

346 3987 487 4078 taturi.
