2726 4676
187 462 256 510 mr.
285 461 340 509 111.
369 461 414 508 nr
440 455 900 520 uonrrsvruru1s‚nr1sr.
930 456 1015 502 mu.
1045 431 1115 529 309

114 579 181 671 qui
197 577 406 646 innitente
423 569 704 658 nullusfuerit,
723 571 971 656 mentiantur,
990 585 1026 641 et
1046 572 1116 640 mi-

114 717 186 765 nus
211 695 350 781 cautis,
371 689 475 789 quod
493 687 629 761 factum
644 687 836 759 interdum
854 686 1116 758 animadverti-

113 834 218 899 mus,
236 835 315 882 non
336 805 535 881 solertibus
557 807 777 878 anatomicis
794 807 1003 904 imponant.
1042 827 1045 832 ’

161 927 221 1001 33.
253 925 577 1022 Quodreliquum
595 919 678 1013 est,¹
693 924 822 996 ve'sicae
852 922 998 994 tunicas
1018 947 1116 1007 crass
1152 1017 1155 1022 Ι

112 1047 232 1118 siores
249 1043 385 1131 factm,
406 1059 448 1114 ut
467 1045 506 1114 in
523 1044 663 1115 rustico
684 1043 745 1140 (ι)
773 1042 820 1111 de
841 1065 914 1138 qua
933 1035 1116 1118 hierenus

112 1162 258 1234 dictum
282 1177 357 1250 est,
385 1159 726 1256 deprehendimus,
747 1153 1116 1232 sie-animadvertere

113 1273 273 1379 potuisti
301 1282 340 1351 in
366 1273 490 1379 puella
522 1302 674 1376 quoque
693 1277 755 1348 illa
778 1281 913 1376 agresti
933 1278 988 1376 (a)
1012 1293 1048 1348 et
1076 1281 1116 1350 in

111 1398 351 1471 adolescente
372 1398 445 1496 (3),
465 1420 628 1494 quorum
645 1397 799 1492 utrique,
818 1419 862 1465 ex
887 1397 1030 1473 calculo
1046 1421 1119 1496 ,pa-

110 1517 201 1588 riter
223 1519 345 1614 gravis
365 1539 408 1587 ac
427 1515 603 1587 diuturna
624 1509 1116 1596 fuerat-mictionisdifficulss

109 1649 181 1722 tas,
201 1637 375 1706 inventas
396 1657 486 1705 esse.
513 1638 595 1704 Huc
620 1631 780 1703 vesicam
809 1632 904 1705 adde
925 1640 1042 1732 quam
1065 1641 1112 1714 cl.

109 1751 469 1849 Dethardingiusffi)
487 1743 894 1848 pingendam-curavit,
913 1753 990 1824 imo
1019 1781 1113 1854 quas

109 1869 211 1966 apud
230 1867 458 1965 Ruyschium
477 1866 531 1965 (ὅ)
549 1866 686 1954 viOeris
707 1881 744 1938 et
764 1861 896 1965 legeris
915 1867 962 1940 ab
980 1871 1114 1944 eadem

110 2011 219 2058 causa
246 2001 498 2058 transversum
520 1984 678 2082 digitum
701 2009 844 2058 crassos
865 1989 1025 2084 parietes
1045 1990 1113 2063 lta·

108 2102 255 2191 buisse‚
274 2118 317 2174 ut
327 2119 531 2201 *propterea
552 2103 591 2171 in
606 2102 731 2199 aliqua
748 2104 845 2173 inter
855 2101 926 2174 hos
952 2120 989 2176 et
1010 2121 1114 2206 mitg-

109 2245 201 2292 num
224 2221 411 2302 calculum
434 2221 562 2318 paucis
580 2235 725 2291 tantum
743 2221 859 2292 urinae
878 2223 991 2320 guttis
1003 2226 1113 2297 relin-

109 2353 291 2435 queretur
304 2339 418 2410 lorus.
437 2342 527 2429 Quae
543 2353 579 2409 et
594 2339 744 2408 Riverio
758 2338 813 2435 (6)
828 2337 981 2412 fuerunt
1000 2359 1109 2434 nota,

108 2455 288 2528 scribenti
301 2457 340 2525 in
358 2455 543 2552 ejusmodi
563 2454 806 2528 cadaveribus
819 2447 925 2527 iliam*
940 2464 1111 2533 crassitu-

108 2571 239 2644 dinem
248 2575 438 2645 inventam
456 2597 534 2645 esse
548 2573 658 2670 digiti
669 2588 739 2644 aut
744 2573 913 2670 pollicit,
929 2582 982 2646 ita
996 2567 1045 2650 ut¹
1054 2595 1109 2651 to-

107 2705 183 2761 tam
195 2697 331 2762 vestcae
341 2671 536 2764 cavttdtem
547 2689 731 2760 interdum
744 2692 915 2788 impleat,
937 2709 975 2763 et
984 2701 1108 2792 'ipsum

107 2806 289 2892 calculum
305 2813 483 2905 proximo
502 2807 759 2906 amplectatur.
781 2810 824 2877 Et
839 2835 896 2913 ,τις
914 2808 961 2880 ab
981 2815 1107 2910 Sepul-

105 2923 235 2996 chreto
259 2924 406 3024 longius
419 2923 676 3012 teobducam,
695 2945 910 3024 quanquam
928 2929 967 2996 in
987 2953 1032 2999 eo
1055 2933 1109 3028 (7)

104 3039 181 3113 haec
208 3065 359 3140 quoque
382 3045 534 3125 invenio
551 3069 598 3114 ex
619 3045 767 3114 Riven'o
785 3041 1026 3142 dopmmpta3
1046 3049 1107 3122 vet

204 3623 280 3698 uph.
293 3627 330 3681 N.
345 3627 378 3680 C.
391 3626 455 3686 dec.
473 3627 506 3697 3,
522 3629 560 3682 Α.
573 3645 606 3700 9,
620 3627 683 3684 obs.
701 3628 749 3684 31.

96 3791 98 3796 ,
205 3723 288 3778 Ceut.
304 3744 335 3795 1,
346 3725 411 3780 obs.
424 3736 501 3781 anat.
511 3721 585 3780 chir.
598 3726 654 3800 89,
668 3736 697 3782 et
706 3721 777 3782 thes.
787 3737 864 3796 anat.
875 3746 890 3780 a
901 3768 909 3796 ,
921 3746 976 3783 oss.
989 3726 1004 3782 3
1012 3769 1020 3796 ,
1034 3747 1063 3782 n.
1075 3729 1100 3784 5.

138 3817 180 3898 (6)
201 3825 286 3878 Prax.
297 3823 403 3882 medic.
416 3826 437 3880 l.
453 3831 501 3896 14,
515 3843 539 3880 e.
552 3845 579 3879 1.

137 3917 182 3996 (7)
203 3921 280 3978 Sect.
299 3923 335 3981 ἰθ
348 3921 437 4000 hujus
455 3926 476 3982 l.
493 3925 527 3997 3,
547 3924 611 3982 obs.
630 3941 682 3994 ro,
699 3935 727 3980 et
749 3935 819 3980 sort.
844 3925 881 3982 23
895 3925 927 3980 in
947 3927 1038 3984 schot
1063 3927 1102 3984 ad
1219 3923 1223 3936 '

100 4017 160 4075 obs.
179 4040 210 4093 1,
226 4025 241 4092 ς
255 4021 283 4080 8.
