2790 4668
317 403 387 502 476
483 431 529 478 aa
554 425 700 478 cantans
724 431 768 477 ar
793 429 917 480 causis
943 425 1152 478 nonronun

316 541 440 614 rhoeas
458 544 497 612 in
506 568 641 614 novam
656 543 854 630 inciderat,
867 549 967 614 circa
967 557 1164 642 prostatus
1173 540 1299 613 diversa

317 659 510 731 invenerat
523 660 714 731 ulcuscula
728 713 738 748 ‚
751 675 788 734 et
797 661 960 758 primus,
973 660 1078 757 quod
1092 662 1133 730 in
1143 684 1211 731 sno
1222 683 1300 757 pra·

317 790 373 846 ter
390 803 571 850 summam
594 777 647 847 ibi
664 801 820 875 quoque
845 791 987 848 meatus
1007 782 1238 873 angustiam,
1255 777 1302 844 vi-

316 891 420 963 derat
432 899 531 996 circa
551 908 745 991 prostatus
765 900 898 964 miram
913 899 1125 966 cicatricum
1147 917 1198 963 eu
1215 891 1300 962 ulee-

317 1011 419 1080 ribus
444 1015 627 1107 antiquis,
649 1016 878 1098 inveteratis,
904 1027 990 1083 tuno
1000 1016 1233 1110 personatis,
1245 1013 1303 1101 fc-

318 1133 661 1226 ciemconspicuam
675 1131 808 1220 fuisse.
833 1129 946 1219 Quod
973 1152 1062 1200 vero
1084 1128 1132 1200 ad
1159 1129 1305 1200 semina·

319 1244 393 1314 iem
417 1245 658 1316 carunculam
686 1247 804 1343 ipsam
830 1246 982 1330 attinet,
1015 1246 1161 1316 nonin
1191 1245 1304 1342 Sepnl*

318 1359 457 1450 claretov
472 1361 656 1434 'duntaxat
682 1362 799 1434 habes
817 1362 892 1460 (r),
909 1378 952 1434 nt
977 1363 1147 1435 Vesalius
1186 1362 1253 1432 bac
1274 1363 1304 1430 in

318 1478 413 1549 urbe
437 1495 622 1551 extremos
641 1479 772 1552 ambos
798 1479 892 1554 fines
904 1485 1087 1552 'vasorum
1107 1505 1237 1552 semen
1254 1478 1307 1550 de·

304 1592 517 1668 ⁸ferentium
545 1597 611 1694 qui
637 1601 676 1668 in
703 1597 882 1672 lateribus
908 1598 1117 1670 carunculae
1140 1621 1307 1695 conspec-

317 1725 398 1783 tum
425 1713 728 1811 quodammodo,
748 1716 787 1786 in
819 1715 959 1787 cae'teris
979 1712 1145 1812 fugiunt,
1173 1716 1213 1785 in
1230 1737 1307 1810 quc

319 1828 422 1916 dam,
443 1830 516 1902 hoc
550 1829 687 1902 morbo
713 1831 931 1920 laborante,
952 1848 1111 1930 apertos
1137 1832 1310 1929 laxosquc
1383 1891 1384 1898 ,

319 1947 539 2020 offenderit:
563 1970 694 2020 verum
713 1950 822 2020 etiam
839 1950 943 2048 apud
959 1949 1004 2020 cl.
1023 1949 1310 2046 Benevolnmla)
1383 1999 1384 2014 ι

320 2081 401 2137 tum
429 2067 509 2161 ejus
530 2066 830 2138 observationem
860 2069 900 2138 in
932 2069 1014 2137 viro
1045 2068 1111 2164 qui
1140 2067 1310 2139 duodevi-
1383 2049 1384 2056 ἵ

322 2183 414 2280 ginti
442 2184 518 2277 jam
544 2207 664 2255 annos
692 2184 866 2254 eumdem
893 2184 1099 2282 pertulerat
1126 2183 1311 2268 morbum,

321 2303 449 2396 magni
464 2317 500 2372 et
520 2301 647 2374 callosi
665 2302 800 2374 ulceris
814 2303 866 2373 sic
876 2302 974 2374 intra
990 2301 1207 2399 glandulanr
1224 2325 1312 2400 pros

322 2431 434 2488 tatam
463 2415 632 2506 latentis,
661 2434 702 2489 ut
730 2444 802 2516 pus
829 2434 954 2490 tamen
990 2443 1059 2516 per
1080 2418 1311 2488 carunculam

321 2534 584 2605 tantummodo
604 2536 808 2624 emitteret,
823 2535 949 2606 ulcere
966 2536 1107 2632 pariter
1130 2537 1232 2607 intus
1244 2559 1313 2606 ero·

320 2675 418 2738 sam,
441 2667 521 2724 tum
542 2653 821 2724 observationes
846 2655 933 2726 alias
955 2652 1016 2750 (3)
1034 2654 1252 2726 exulceratae
1279 2655 1309 2722 in
1382 2723 1383 2736 ,

320 2769 549 2866 gonorrhoea
566 2771 777 2842 caruncula
794 2770 978 2865 ejusdem,
1005 2795 1049 2840 ex
1071 2774 1203 2869 Genga
1228 2795 1311 2842 com·
1382 2771 1383 2780 ’

320 2904 556 2958 memoratas.
586 2888 796 2960 Caruncula
825 2902 968 2976 autern,
1004 2903 1046 2960 ut
1072 2891 1190 2976 nosti,
1210 2912 1311 2985 parva

321 3005 416 3076 adeo
427 3019 497 3092 est,
517 3008 577 3074 vix
599 3020 641 3076 nt
654 3005 761 3076 ulcus
782 3029 861 3078 esse
875 3007 915 3076 in
930 3031 973 3076 ea
988 3006 1119 3102 possit,
1137 3007 1232 3102 quin
1251 3029 1312 3076 am·

321 3122 477 3207 borum,
497 3137 561 3194 aut
574 3123 724 3194 alterins
741 3121 869 3194 saltem
885 3123 1024 3195 canalis
1040 3122 1194 3195 seminis
1210 3121 1310 3192 finem

319 3240 520 3326 corrodat,
547 3243 655 3337 eique
676 3241 814 3337 jugiter
833 3239 1058 3312 distillatnro
1075 3241 1173 3310 viam
1196 3241 1247 3310 sic
1262 3237 1312 3308 vel

324 3360 439 3455 magis
463 3359 621 3454 aperiat,
646 3381 758 3454 quam
781 3381 867 3428 cum
895 3355 1116 3461 eorumdem
1139 3356 1311 3427 canalium

320 3476 402 3545 laxa
422 3477 600 3561 nimium,
614 3475 815 3571 patulaque
830 3489 918 3544 sunt
936 3473 1073 3544 oscula.
1088 3474 1223 3544 Ulcera
1234 3495 1311 3543 vero

367 3777 409 3850 ξι)
433 3777 510 3830 Sect.
528 3775 577 3830 cit.
595 3775 660 3832 obs.
678 3794 706 3830 a.

367 3870 408 3950 (a)
431 3875 580 3947 Proposiz.
596 3875 651 3931 int.
668 3877 727 3932 alla
738 3892 858 3932 carane.
873 3895 898 3932 c.
916 3877 943 3932 3.

364 3973 408 4051 (3)
430 3975 463 4030 G.
480 3972 507 4028 5.
