2726 4676
182 481 254 538 tte.
281 475 336 536 tri.
365 480 573 536 nunonem
597 471 766 554 verteme,
789 473 903 538 nrisr‘.
931 477 1002 538 nti.
1043 477 1108 542 ait

106 617 381 690 excreverant,
399 617 440 674 ut
460 626 592 674 eorum
617 616 775 688 natura,
794 603 919 689 color,
936 604 1041 678 sedes
1059 606 1134 678 ina·

106 723 262 809 dicant,
282 739 318 794 et
336 721 413 792 duo
425 721 513 792 alias
527 721 616 816 (r)a
637 745 697 791 me
716 719 785 792 tibi
804 720 1010 820 descripta5
1027 748 1117 820 pro*

105 843 291 939 portione
311 837 532 924 ostendunt;
551 839 580 908 si
600 853 862 928 excreverant,
884 839 1057 936 inquam,
1070 866 1116 914 ex

105 971 279 1056 prostata
290 953 727 1056 glandula3mihirecens
737 979 890 1052 quoque
901 957 1116 1054 exemplum

107 1090 166 1148 est
192 1073 379 1172 glandulae
398 1071 510 1167 hujus
525 1072 562 1140 in
581 1069 674 1142 duas
695 1073 794 1142 intra
813 1072 973 1144 vesicam
989 1096 1119 1146 carun·

106 1191 216 1262 culas
245 1209 486 1288 procrescere
517 1187 740 1287 incipientis.
770 1187 880 1279 Quod
902 1184 1118 1288 exemplum

105 1309 295 1406 quoniam
310 1307 380 1377 alia
393 1305 439 1378 de
454 1329 564 1378 causa
583 1305 629 1376 ad
647 1307 856 1403 proximam
873 1307 1004 1380 attinet
1022 1309 1119 1406 epis*

104 1426 226 1496 tolam
256 1425 335 1522 (ι),
359 1423 406 1495 ad
430 1447 512 1496 eam
539 1420 765 1494 differemus.
793 1427 883 1514 Quae
913 1438 1018 1496 tanto
1048 1427 1119 1498 erit

104 1543 262 1640 longior
280 1555 424 1640 quanto
441 1540 517 1612 haec
537 1539 690 1611 brevior
708 1537 786 1611 suit.
806 1541 907 1612 Vale.
933 1540 994 1639 (⁴)

143 1858 191 1940 (1)
213 1851 311 1936 Epist,
326 1861 379 1938 39,
401 1881 432 1916 n.
451 1862 499 1918 33.

144 1961 193 2039 (a)
215 1962 286 2018 vid.
303 1981 333 2017 n.
352 1981 397 2018 ιι.

146 2079 187 2160 (*)
210 2083 351 2160 Magnam
365 2081 472 2140 medici
485 2085 619 2138 statuunt
631 2071 830 2138 differentiam
843 2072 921 2137 inter
933 2080 1119 2158 suppressio

106 2199 175 2238 nem
188 2193 219 2237 et
229 2182 425 2238 retentionem
435 2183 544 2252 urinae;
558 2183 667 2238 horum
682 2181 842 2238 affectuum
851 2191 972 2251 natura,
985 2197 1079 2236 causae
1090 2191 1120 2236 et

106 2281 322 2339 medicationes
335 2283 474 2340 curativ'ae
491 2302 553 2338 non
565 2293 634 2338 sunt
650 2282 768 2338 eaedem.
784 2283 818 2336 In
831 2281 1039 2356 suppressione
1053 2299 1118 2354 quae

103 2401 169 2439 non
198 2401 268 2439 raro
289 2381 465 2440 observatur
490 2384 522 2440 in
544 2381 722 2459 quibusdam
745 2377 888 2438 catarrhis
912 2391 964 2438 eut
985 2381 1119 2438 febribus

105 2485 190 2540 nulla
202 2481 241 2538 -fit
256 2484 380 2540 secretio
396 2484 490 2540 urinae
505 2495 533 2541 et
544 2483 642 2540 vesica
654 2481 779 2538 omnino
792 2493 835 2538 est
845 2499 950 2538 vacue.
968 2483 1004 2537 In
1018 2491 1118 2537 reten-

107 2585 189 2640 tione
202 2595 304 2640 entem
315 2584 403 2640 urina
414 2595 449 2640 nt
458 2585 547 2641 solito
562 2583 738 2652 secernitur,
750 2583 801 2640 sed
814 2584 1018 2640 accumulatur
1027 2583 1058 2640 in
1069 2601 1117 2640 ve·

105 2687 184 2760 sice,
198 2697 229 2745 et
243 2685 335 2742 variis
348 2685 507 2742 obsnculis
522 2683 587 2760 eina
599 2683 729 2740 excretio
741 2680 908 2740 cohibetur.

803 2783 930 2860 (Adnot.
943 2778 1080 2898 rator.)
