2726 4676
318 497 388 568 290
487 495 532 544 DE
559 493 704 542 suutuus
731 494 773 540 ΕΤ
798 493 922 542 CAUSlS
947 495 1156 546 HORBORUM

312 609 383 682 nile
397 610 571 706 apparuit
588 605 625 677 id
637 630 721 678 esse
748 631 767 678 a
784 608 923 680 tunicis
939 609 1187 688 crassioribus
1207 612 1316 692 albis-

313 753 388 825 que
415 725 541 812 lactis,
567 748 645 796 uon
680 748 701 793 a
729 723 890 794 distenta
919 725 1071 798 illorum
1098 728 1312 802 substantia.

310 848 401 936 Quae
426 845 493 914 etsi
512 840 691 939 vaginulis
713 841 840 914 tunica
857 841 904 912 ad
924 841 1164 941 albugineam
1182 848 1312 943 passim

311 960 547 1047 adherebat,
574 960 626 1030 sic
655 960 740 1030 satis
758 981 846 1030 sana
865 955 954 1048 fuit,
974 985 1017 1032 ea
1032 977 1142 1060 parte
1164 981 1312 1062 excepta

207 1095 212 1108 ’
306 1102 474 1176 quacum
498 1073 655 1148 inferior
680 1077 921 1146 connectitur
947 1077 1215 1176 epididymidis
1240 1081 1312 1179 glo-

306 1196 400 1282 bus;
422 1195 500 1266 hoec
527 1195 628 1266 enim
657 1191 858 1290 purulenta
883 1209 989 1265 erant
1015 1211 1053 1269 et
1079 1198 1308 1296 nigricantis.

306 1319 410 1386 lunc
428 1312 581 1384 urethra
600 1310 646 1382 ab
664 1325 821 1382 externo
844 1310 925 1406 ejus
943 1309 1089 1386 orificio
1109 1340 1180 1412 per
1201 1331 1308 1388 totam

306 1432 415 1530 penis
429 1428 643 1504 inferiorem
672 1424 804 1500 faciem
825 1443 862 1500 et
884 1430 1090 1525 perinaeum
1116 1433 1307 1532 adaperta,

302 1549 477 1622 intimam
503 1549 582 1644 ejus
609 1548 775 1616 tunicam
800 1569 925 1643 neque
957 1547 1229 1638 exulceratam,
1251 1577 1307 1622 ne-

302 1693 381 1766 que
412 1667 689 1752 cicatricosam,
714 1686 839 1759 neque
864 1662 1087 1755 rubentem
1118 1669 1199 1744 imo
1217 1667 1302 1742 albi·

305 1800 452 1858 cantem
479 1799 515 1856 et
542 1784 663 1856 levem
687 1779 851 1877 ubique,
869 1782 1154 1856 crassiusculam
1187 1801 1301 1858 tamen

301 1900 436 1974 factam
453 1901 589 1974 iuveni.
606 1901 664 1970 Sic
680 1896 748 1968 ubi
761 1897 1054 1988 intellexissem,
1071 1901 1118 1973 ad
1132 1903 1301 1976 ulteriora

302 2045 382 2097 esse
399 2018 511 2089 nobis
531 2014 824 2105 transeundum,
847 2013 1013 2114 reliquas
1037 2042 1171 2092 omues
1187 2035 1300 2120 partes

302 2162 385 2234 quae
403 2136 449 2207 ad
469 2136 617 2206 urinam
637 2134 820 2220 attinent,
838 2132 983 2205 extrahi
1000 2138 1186 2211 continuo
1203 2137 1296 2234 jussi.

302 2260 388 2326 Erat
417 2255 537 2325 vesica
562 2253 641 2322 sine
665 2252 794 2338 urina,
815 2265 852 2322 et
879 2251 919 2321 in
948 2275 986 2322 se
1011 2268 1224 2342 contracta,
1240 2253 1297 2327 ab·

301 2373 428 2444 narmi
444 2387 570 2444 autem
582 2368 712 2468 figura.
729 2373 824 2442 Nam
839 2369 886 2442 ad
901 2394 1090 2444 summum
1113 2369 1294 2446 dexterum

298 2492 396 2566 latus
416 2487 652 2560 excrescebat
681 2487 721 2560 in
752 2486 977 2584 quadratum
1007 2490 1210 2586 quemdam
1229 2514 1293 2563 sac-

285 2633 388 2680 cum
419 2608 671 2692 mediocrem,
701 2604 779 2698 jam
810 2604 1097 2700 nigrescentem.
1119 2609 1187 2682 Hic
1212 2605 1288 2706 quid

298 2741 396 2798 esset
411 2741 447 2797 et
466 2723 558 2822 quid
580 2721 813 2810 contineret,
832 2725 1005 2818 apparuit
1024 2719 1221 2814 omnibus,
1246 2727 1289 2794 in·
1346 2805 1347 2815 ἶ

296 2846 373 2916 cisa
405 2843 452 2916 ab
480 2842 667 2914 anteriore
696 2836 788 2910 facie
815 2839 982 2935 primum
1009 2864 1203 2938 suprema,
1222 2866 1289 2939 qua
1345 2885 1346 2895 κ

299 2959 534 3060 inspicienda
561 2955 742 3044 restabat,
771 2954 932 3031 urethree
963 2973 1089 3055 parte,
1116 2974 1198 3032 tum
1224 2962 1287 3057 ipsa

298 3079 429 3152 vesica.
449 3081 493 3148 Et
507 3077 546 3145 in
563 3075 626 3146 illa
646 3072 800 3170 quidem
818 3071 981 3144 urethrae
998 3089 1104 3171 parte
1122 3071 1287 3173 usquead
1342 3063 1343 3133 l

296 3196 514 3269 seminalem
534 3208 649 3266 totam
664 3190 929 3278 carunculam,
947 3215 1028 3287 quae
1043 3192 1199 3290 strigosa
1212 3207 1285 3274 erat,
1339 3217 1341 3293 l

297 3339 364 3387 suo
380 3330 506 3384 tamen
530 3313 613 3384 sinu
634 3309 845 3384 secundum
863 3323 1038 3382 naturam
1054 3311 1225 3407 praedita,
1242 3310 1287 3382 ni·
1338 3303 1340 3373 l

295 3429 376 3502 hilo
400 3431 485 3528 plus
504 3429 583 3500 vitii
608 3425 931 3526 deprehendimus
954 3452 1067 3524 quam
1082 3429 1123 3498 in
1144 3428 1285 3502 dissecta

294 3564 403 3621 autea
420 3549 567 3644 reliqua
582 3544 745 3616 urethra.
760 3542 833 3614 Sed
847 3543 1030 3616 contiuuo
1042 3567 1156 3644 supra
1170 3571 1286 3618 carun-

273 3668 438 3756 culam,
457 3690 537 3736 nou
555 3679 726 3762 prostatae
747 3661 884 3748 mode,
906 3661 971 3734 sed
994 3677 1031 3734 et
1054 3665 1185 3736 vesicae
1203 3666 1285 3734 inte-

294 3788 372 3858 rior
385 3777 497 3854 facies
517 3783 692 3855 universa
709 3779 877 3854 occurrit
902 3779 1131 3868 exulcerata,
1150 3797 1187 3855 et
1209 3780 1284 3854 sub·

290 3902 377 3973 alba
401 3898 564 3997 quadam
579 3899 688 3994 quasi
706 3896 859 3972 escham
875 3896 1052 3978 obducta..
1071 3901 1220 3976 Tunicae
1231 3921 1282 3972 au·

292 4035 367 4092 tem
386 4020 532 4105 vesica,
548 4015 652 4114 quod
664 4015 826 4091 secando
840 4013 962 4095 fuerat
976 4015 1279 4098 animadversum,
