2814 4674
152 479 218 526 nm.
244 479 302 524 111.
332 479 378 523 nn
403 477 538 525 ironms
556 475 725 539 vsnrms,
752 476 863 522 srrsr.
886 479 1006 522 xxxix.
1064 456 1105 526 13

107 613 216 690 quam
236 593 277 662 in
299 591 463 662 sectione
476 589 546 660 hac
561 593 645 659 XXI
658 589 893 686 Sepulchreti
907 591 961 686 (1)
979 590 1103 664 habes.
1146 644 1147 649 η

105 715 146 780 In
167 735 208 780 ea
231 734 319 780 cum
340 708 485 804 reliqua
513 707 795 794 describantur,
815 731 999 778 neutrum
1021 711 1106 806 qui-

107 827 190 898 dem
207 825 369 898 verbum
386 841 442 896 est
455 824 501 896 de
518 827 659 895 ventris
676 823 817 895 dolore.
839 827 930 915 Quae
949 850 1009 898 res
1027 852 1106 897 non

106 959 179 1015 tam
197 945 292 1014 mira
316 959 372 1014 est
395 959 550 1044 propter
566 942 782 1029 duodecim,
802 957 865 1013 aut
884 968 929 1014 eo
948 944 1107 1041 amplius

105 1060 219 1133 libras
230 1061 393 1131 materiae
406 1059 528 1131 fluidae
540 1072 622 1156 quae
639 1061 678 1130 in
691 1061 830 1159 triplici
842 1076 992 1132 tumore
1005 1078 1083 1132 erat
1096 1113 1104 1152 ,

105 1202 216 1274 quam
244 1193 402 1275 propter
426 1179 592 1250 universi
617 1179 776 1250 tumoris
797 1177 967 1276 pondus,
993 1177 1106 1250 libras

104 1319 254 1392 aequans
265 1295 436 1366 Succicas
447 1294 720 1394 quinquaginta
735 1297 917 1393 quinque,
932 1310 968 1367 et
979 1297 1104 1368 sedem

104 1437 185 1508 quae
198 1428 323 1483 totum
338 1410 413 1484 iere
423 1413 639 1484 mesenterii
651 1415 811 1510 spatium
822 1428 910 1486 erat.
920 1419 1000 1486 Huc
1009 1395 1105 1486 illud

104 1529 246 1602 accedit
256 1529 363 1626 quod
376 1545 503 1600 tumor
514 1531 699 1602 intestinis
710 1547 809 1602 arcte
822 1531 1105 1622 annectebatur,

104 1663 144 1718 ut
157 1673 179 1718 a
198 1647 381 1720 duodeno
400 1648 448 1718 ad
465 1648 527 1720 ilei
544 1649 731 1736 medium,
751 1651 858 1746 quasi
877 1673 963 1721 cum
988 1649 1046 1722 his
1065 1653 1104 1721 in
1171 1649 1176 1654 ’

104 1788 223 1834 unum
243 1765 431 1852 coivisset,
450 1767 528 1837 sine
545 1767 722 1862 ruptione
738 1768 901 1863 separari
920 1792 999 1836 non
1016 1791 1104 1864 pos·

105 1897 169 1969 set,
182 1897 219 1953 et
232 1882 338 1980 quod
345 1886 433 1981 aegri
444 1882 642 1971 desiderio,
654 1886 795 1982 quippe
811 1883 972 1972 assidue,
982 1889 1023 1956 'et
1035 1884 1105 1956 fer·

106 2025 163 2070 mc
190 2001 328 2070 canino
349 2003 518 2099 appetitu
545 1999 685 2090 affecti,
713 2003 774 2072 vix
809 2001 1016 2074 sufficiebat
1046 2027 1104 2075 as·

107 2133 344 2216 sumptorum
357 2121 483 2216 copia:
498 2135 540 2190 ut
552 2145 676 2216 neque
687 2143 805 2217 pauca
819 2119 879 2190 bic
895 2145 1105 2192 recremen-

105 2249 158 2323 ta,
175 2262 300 2334 neque
313 2237 488 2309 intestina
503 2261 582 2307 non
595 2261 807 2334 compressa
821 2228 929 2308 liceat
946 2263 1103 2335 ponere,

108 2354 169 2426 sed
190 2355 348 2424 omnino
362 2354 431 2424 alia
446 2355 628 2451 quapiam
643 2377 752 2426 causa
771 2351 816 2425 sit
830 2354 876 2425 ab
894 2379 939 2426 eo
958 2357 1104 2454 excogi-

106 2472 235 2560 tanda,
254 2473 319 2569 qui
331 2474 518 2544 rationem
534 2471 623 2542 velit
639 2471 796 2543 reddere
811 2471 1021 2543 absentium
1038 2473 1104 2543 do-

105 2589 247 2677 lorum,
265 2589 303 2660 id
317 2587 526 2686 quodinfra
542 2588 601 2686 (a)
615 2587 738 2660 facere
750 2589 981 2666 conabimur.
994 2592 1104 2662 Nunc

107 2709 206 2778 enim
230 2707 307 2778 atiae
321 2707 361 2776 in
376 2707 516 2803 quibus
536 2732 614 2777 non
632 2706 805 2796 aberant,
826 2705 1105 2778 observationes

107 2840 190 2896 sunt
210 2823 441 2910 indicandae,
461 2848 555 2920 quas
568 2823 814 2921 Sepulchreto
832 2823 951 2920 possis
968 2811 1104 2916 adjice-

106 2965 155 3014 re.
175 2941 293 3012 Dolaei
312 2940 382 3037 (3)
400 2955 455 3012 est
473 2965 571 3027 una,
599 2941 638 3009 in
665 2965 740 3036 qua
761 2955 889 3010 tumor
912 2937 1103 3036 aliquanto

106 3059 230 3130 minor
248 3081 362 3156 quam
381 3057 586 3129 aValsalva
598 3055 653 3152 (Δ)
670 3056 898 3154 descriptuS,
917 3071 1120 3136 structura

107 3192 229 3247 autem
246 3199 326 3246 non
342 3173 525 3261 absimili,
548 3199 633 3277 cum
655 3173 746 3244 diris
766 3171 1012 3260 tensionibus,
1028 3197 1106 3244 mo·

107 3292 276 3390 lestoque
305 3315 418 3364 sensu
443 3293 550 3389 quasi
576 3291 650 3362 vivi
669 3293 708 3366 iu
729 3304 860 3362 ventre
880 3288 1002 3360 catelli
1029 3290 1106 3362 ale-

109 3426 253 3497 rentur,
273 3410 501 3504 conjuuctus
517 3424 614 3497 erat3
632 3407 698 3480 scd
711 3422 866 3479 tumora
879 3409 1105 3478 mesenterio
