2810 4668
305 415 377 491 586
469 445 515 494 aa
541 442 687 496 sturnus
712 443 756 494 nr
781 441 908 492 causis
932 442 1142 490 uoauoauu

304 554 488 631 tellectum
500 558 653 655 quidem
669 555 1095 654 adjacentiumque·
1114 557 1308 627 acritatem

302 697 382 744 non
395 673 666 750 demonstrant.
676 673 748 750 Sed
761 671 1310 750 uhidemonstrationibusnon

234 803 238 808 '
302 805 358 862 est
376 791 502 880 locus,
522 794 708 866 sententia
739 807 866 866 autem
885 816 968 890 quae
997 787 1214 867 istiusmodi
1245 790 1309 874 irn-v

207 905 217 912 ’
301 927 494 1008 pugnatur
514 910 770 1008 argumentis,
789 911 867 1006 jam
892 909 981 984 satis
996 909 1125 985 multis
1145 907 1241 986 fulta
1257 922 1309 986 est

301 1028 531 1116 rationibus,
548 1043 662 1126 atquc
680 1026 1028 1116 observationibus3
1048 1027 1117 1124 qui
1142 1050 1232 1103 curn
1251 1025 1306 1099 his

300 1147 541 1220 verisimilius
566 1161 772 1244 congruat,
789 1143 998 1221 videndum
1017 1143 1230 1242 est„idque
1255 1167 1308 1216 re·

300 1263 536 1360 ponendum.
574 1268 696 1360 Atque
731 1279 773 1336 ut
805 1261 995 1361 intelligas
1026 1277 1174 1360 quanto
1208 1261 1308 1332 aliter

300 1379 397 1454 mihi
422 1395 535 1479 atque
565 1381 620 1454 illi
646 1381 846 1468 videatur,
877 1380 931 1456 illi
957 1406 1009 1453 ne
1042 1394 1131 1454 octo
1155 1379 1307 1478 quidem

299 1499 388 1572 anni
407 1498 455 1572 ad
474 1497 695 1595 hujusmodi
716 1499 806 1572 vitia
832 1497 1049 1574 inducenda
1069 1499 1159 1570 satis
1184 1511 1305 1572 crant:

297 1616 391 1692 nihi
407 1642 686 1714 nonnunquam
711 1617 876 1690 satis-est
895 1617 1021 1714 ipsum
1038 1615 1201 1712 alicujus
1222 1639 1305 1714 par·

297 1749 356 1810 tus
373 1733 616 1824 difficilioris,
640 1749 678 1806 et
691 1734 852 1808 insecuti
873 1759 953 1808 non
971 1731 1089 1809 felicis
1115 1732 1308 1832 puerperii

296 1865 456 1952 tempusa
477 1859 521 1928 In
538 1853 602 1926 tali
615 1853 716 1926 eninr
732 1865 847 1950 partu
871 1850 1144 1940 vehementes,
1165 1851 1305 1928 crebri·

297 1995 372 2067 que
401 1974 506 2044 nisus
531 1995 681 2069 gravem
709 1985 860 2044 uterum
893 1985 1032 2067 urgent
1057 1969 1187 2068 (quod
1223 1967 1307 2042 alibi

296 2089 408 2162 etiam
437 2090 492 2186 (ι)
511 2088 645 2190 attigi)
674 2090 874 2178 intentes,
903 2085 1090 2184 tubasque
1121 2086 1306 2183 subjectas

296 2229 379 2299 quae
396 2206 585 2301 particula²
603 2205 650 2276 ad
664 2205 784 2303 pelvis
798 2228 882 2276 ossa
892 2205 1186 2303 opprimuntur,
1209 2205 1306 2278 etiu-

294 2317 559 2398 flammationis
576 2324 725 2396 initium
748 2321 1003 2403 contrahunt.
1030 2347 1145 2420 quam
1167 2336 1305 2421 augent

294 2457 382 2513 mox
415 2437 560 2526 lochia,
588 2439 750 2537 exempli
784 2440 921 2536 gratia,
954 2442 1108 2538 parcius
1136 2438 1303 2512 fluentia.

291 2561 413 2634 Tanto
429 2573 554 2632 autem
578 2556 723 2632 facilius
748 2559 969 2654 contingere
996 2557 1099 2646 haec,
1122 2557 1303 2644 arbitror,

292 2691 435 2773 quanto
454 2678 571 2776 magis
588 2678 628 2750 in
645 2699 849 2774 praegressa
872 2677 970 2748 uteri
994 2677 1207 2774 gestatione
1222 2677 1301 2750 vio·

291 2793 413 2882 lenti,
449 2793 742 2892 frequentesque
776 2793 941 2867 vomitus
976 2793 1058 2874 illas
1097 2794 1301 2891 particulas

290 2913 517 3008 presserint,
537 2927 652 3012 ,atque
675 2911 957 2998 concusserint,
982 2925 1046 2982 aut
1068 2911 1148 2984 aliae
1183 2936 1301 2988 causa

289 3029 423 3126 aliquae
438 3030 514 3126 jam
529 3029 665 3102 laedere
680 3029 914 3127 inceperint,
933 3043 970 3100 et
996 3027 1044 3102 ad
1068 3030 1298 3128 capiendum

288 3147 422 3222 vitium
439 3147 704 3245 disposuerint..
729 3146 800 3220 Sed
819 3145 878 3222 his
903 3145 1046 3234 missis,
1062 3146 1109 3220 ad
1127 3146 1299 3222 historias

173 3264 177 3273 “
288 3280 587 3354 revertamur‚et
604 3266 786 3363 quoniam
797 3262 1033 3339 detubarurn
1044 3266 1298 3363 peculiaribus

288 3396 326 3458 et
336 3383 384 3459 de
400 3384 478 3474 his,
494 3409 537 3458 ae
549 3383 708 3458 testibus
719 3374 989 3459 communibus
1010 3383 1298 3482 vitiisquaedaur

288 3502 498 3598 attigimus3
526 3500 712 3578 nonnulla
734 3501 888 3574 testium
910 3524 1067 3598 quoque
1093 3500 1297 3597 peculiaria

285 3619 374 3693 vitia
386 3621 543 3696 strictim
561 3643 836 3718 proponamus.

212 3815 215 3819 ,
320 3761 392 3833 29·
411 3737 601 3808 Feminam
619 3735 1159 3836 quadragintacireiterannos
1171 3733 1293 3808 n'atarn

287 3898 559 3938 ‘m

323 3999 367 4082 (ι’)
387 4000 484 4082 Epist.
500 4001 555 4080 39,
570 4021 602 4062 n.
616 4003 666 4063 38.
