2746 4674
312 427 378 520 ¹74
474 448 520 493 nn
546 447 692 495 sacrans
717 449 761 494 rr
787 447 911 496 censis
938 445 1147 498 amnaoaun

306 561 436 631 vesicae
465 575 501 632 et
525 558 687 631 uretlrrae
713 585 795 658 quae
814 585 897 632 nnae
915 577 1023 646 sunt,
1050 587 1171 660 eoque
1188 561 1308 633 minus
1355 555 1356 584 ³

308 678 436 748 mirari
456 694 654 774 oportere,
678 679 781 775 quod
806 703 938 750 eorum
967 681 1053 777 qui,
1082 680 1212 778 primis
1238 679 1307 750 illis

287 794 529 882 obstructis,
553 795 750 893 perierint,
771 821 931 893 corpora
957 797 1121 870 necdum
1148 797 1307 868 incidere

296 914 553 1012 'potuerimus
639 933 641 936 ’
1356 899 1357 904 ¹

360 1059 391 1101 2.
415 1033 587 1120 Quorum
615 1030 853 1102 dissectionis
877 1031 927 1103 ob
946 1031 984 1103 id
1006 1033 1119 1103 etiam
1137 1031 1307 1130 cupidior

310 1147 474 1235 fueram,
504 1165 542 1219 ut
562 1147 773 1219 exanrinare
791 1149 831 1218 in
851 1151 895 1220 iis
920 1174 1071 1247 possem
1097 1175 1158 1220 eas
1187 1165 1304 1246 partes
1357 1172 1358 1242 ι

309 1265 433 1352 unde,
456 1282 492 1336 et
518 1291 588 1362 per
611 1290 722 1362 quas,
742 1280 778 1336 et
798 1291 875 1363 quo
897 1267 958 1336 alii
982 1265 1306 1339 alias'comminis·

309 1404 447 1458 cuntur
467 1387 672 1484 peculiares
690 1388 805 1456 urinae
824 1388 912 1458 vias.
926 1389 1002 1458 Etsi
1019 1389 1119 1458 enim
1133 1387 1305 1459 adversus

244 1483 248 1492 ι
309 1505 376 1578 has
391 1520 654 1601 argumentum
679 1507 718 1574 iu
740 1505 970 1576 Adversariis
989 1504 1243 1603 (r)proposui
1263 1501 1304 1573 ab
1358 1558 1359 1628 p

308 1625 352 1695 iis
370 1625 621 1722 petitumque
639 1625 725 1694 satis
743 1637 889 1693 constat
906 1623 944 1693 in
972 1622 1054 1692 lotii
1076 1621 1307 1720 suppressio·
1358 1639 1359 1700 3

309 1739 421 1811 nibus
440 1741 616 1810 adnotata
641 1764 720 1810 esse
735 1764 926 1809 exrenum
946 1741 1035 1810 vitio
1062 1738 1304 1836 contingenti·

307 1857 397 1944 bru,
420 1857 524 1956 quod
547 1837 811 1952 argumentum
841 1882 886 1928 eo
911 1833 1057 1954 gravius
1078 1855 1171 1926 mihi
1193 1857 1303 1925 visum

308 1991 429 2048 estex
452 2001 526 2071 quo
553 1973 818 2058 animadverti,
844 1997 931 2044 cum
951 1974 1031 2046 aliis
1060 1990 1212 2071 postea,
1233 1989 1304 2044 tum

308 2091 535 2163 Boerhaavio
559 2091 628 2188 ipsi
649 2090 703 2184 (ι’)
727 2090 1001 2188 perplaeuisse3
1019 2091 1212 2162 tamen‘cl.
1233 2090 1303 2160 cui·
1359 2071 1360 2116 l

308 2209 393 2279 dam
412 2209 492 2277 viro
507 2208 656 2305 plenius
671 2209 825 2280 avebam
844 2206 1068 2294 satisfacere,
1086 2207 1304 2279 existimanti

307 2329 383 2398 vias
403 2326 484 2406 illas
503 2326 712 2422 peculiares
743 2328 782 2396 in
803 2351 938 2414 renum
959 2325 1103 2423 pelves,
1126 2341 1165 2395 ut
1185 2327 1304 2424 plures
1360 2330 1361 2356 ¹

306 2443 480 2514 velantea
491 2442 744 2530 crediderant,
759 2468 800 2563 ‘3³
807 2469 920 2542 mque
933 2445 1108 2514 viciniam
1120 2443 1303 2524 desineret

307 2577 349 2632 ut
362 2561 507 2630 tametsi
520 2585 629 2631 renes
647 2560 830 2631 duntaxat
847 2561 999 2632 calculis
1011 2560 1131 2631 aliove
1148 2561 1304 2656 ejusmo-

309 2678 347 2748 di
362 2675 632 2775 impedimento
648 2679 831 2750 obstructi
849 2679 1146 2776 conspiciantur,
1167 2677 1304 2775 possint

308 2789 435 2866 taineri
467 2793 516 2864 ob
544 2797 582 2864 id
610 2796 733 2893 ipsum
760 2819 888 2866 earum
915 2797 1060 2865 viarum
1086 2797 1181 2866 ostia
1201 2789 1303 2866 simul

309 2913 528 3011 comprimi,
548 2911 813 3009 nihilque‘tum
830 2914 868 2982 in
891 2912 1016 3011 pelves
1032 2928 1097 2982 aut
1117 2913 1304 3010 proximos

310 3047 474 3102 meteres
499 3031 762 3105 transmittere.
791 3033 847 3100 Tu
878 3031 992 3126 igitur
1018 3055 1103 3100 cum
1123 3025 1303 3125 ejusmodi

308 3147 529 3230 cadaverum
555 3145 846 3216 incidendorum
877 3147 1024 3217 occasio
1050 3145 1224 3232 dabitur,
1254 3137 1303 3213 fae

310 3264 413 3360 qued
424 3267 503 3360 ipse
520 3287 620 3332 eram
631 3259 819 3349 facturus,
838 3278 877 3333 ut
894 3249 1176 3362 diligentissime
1197 3285 1303 3334 mem·

309 3379 445 3452 brauas
465 3405 612 3468 omnes,
635 3405 717 3477 que
734 3381 778 3450 iis
795 3378 965 3478 partibus
992 3381 1123 3452 vicinae
1140 3402 1302 3452 annexe-

309 3523 383 3594 que
401 3514 507 3583 suut,
537 3498 803 3595 perscruteris,
821 3495 903 3568 fieri
917 3498 1023 3569 enim
1043 3497 1145 3568 haud
1161 3509 1300 3595 potest,

309 3617 340 3686 si
359 3639 487 3684 earum
508 3617 652 3684 viarum
677 3617 771 3686 ostia
794 3615 868 3686 sint
889 3639 1123 3713 compressa,
1139 3616 1233 3713 quin
1250 3636 1301 3682 re·

350 3900 393 3976 (ι)
416 3901 479 3965 lll,
500 3897 628 3952 animad.
645 3896 692 3954 36.

350 3997 391 4078 (ι)
413 4000 542 4056 Praelect.
555 3995 594 4053 ad
609 3995 702 4054 instit.
715 4000 730 4066 §
745 3995 810 4054 385.
