2790 4668
295 437 367 512 508
464 463 509 508 nn
536 459 682 508 sautans
707 460 751 507 ιι
777 459 900 506 csusrs
925 459 1132 506 ιιοιιιιοιιιιιι

294 588 477 663 scrotum,
498 573 602 672 quod
623 587 660 644 et
685 571 786 670 apud
809 573 1010 644 Harveium
1029 573 1043 664 (
1053 573 1083 663 ι)
1102 570 1302 644 referebat.

188 682 190 695 ¹
239 705 242 710 “
295 695 346 762 Ut
360 690 501 763 malum
518 689 716 777 indecens,
732 703 769 761 et
783 689 1136 787 perincommodum
1154 707 1224 762 aut
1241 691 1305 761 tol·

296 809 416 897 latur,
435 825 499 880 aut
525 823 624 880 certe
653 807 869 896 occulatur,
898 807 954 878 illi
980 809 1176 906 excogitati
1218 824 1306 880 sunt

296 929 404 1026 pessi.
435 930 608 1016 Quorum
643 927 673 998 si
704 949 836 997 omnes
872 925 1143 1024 cujuscumque
1176 925 1307 998 adbuc

292 1045 455 1143 eognitae
486 1042 634 1132 formae,
659 1059 696 1116 et
721 1057 937 1132 structurae,
957 1044 1055 1129 uteri
1081 1043 1307 1142 prolapsum

297 1185 373 1232 non
391 1161 504 1232 modo
523 1186 601 1232 non
613 1175 802 1246 curarent,
820 1159 1119 1260 sedplerumque
1126 1163 1305 1260 pejorem

297 1277 511 1368 redderent,
527 1294 571 1351 ut
591 1278 691 1376 apud
709 1280 833 1349 virum
861 1277 1015 1350 doctum
1038 1277 1220 1376 legebam.
1236 1303 1307 1349 nu-

298 1419 387 1493 per,
407 1396 483 1491 jam
520 1395 585 1468 diu
614 1395 815 1468 amedicis
837 1409 874 1466 et
907 1394 1109 1493 chirurgis,
1137 1395 1309 1493 ipsisque

298 1513 521 1605 mulieribus
541 1512 676 1609 abjecti
700 1527 832 1584 essent.
859 1517 938 1611 Ego
957 1536 1063 1600 vero,
1080 1527 1124 1583 ut
1142 1512 1236 1583 alias
1255 1513 1308 1608 (a)

207 1619 209 1624 ¹
298 1631 344 1704 ad
369 1647 407 1703 te
434 1633 584 1730 scripsi,
610 1603 825 1730 pdoficuum
857 1631 982 1728 potius
1012 1653 1144 1700 eorum
1169 1655 1307 1720 usum,

298 1775 383 1822 cum
402 1747 579 1821 feminam
590 1748 831 1838 dissecarem,
846 1748 907 1820 his
921 1748 1125 1820 obnoxiam
1139 1749 1306 1839 morbis,

297 1867 555 1942 animadverti.
579 1871 712 1964 Neque
731 1881 856 1938 tamen
874 1864 1044 1953 inficior,
1063 1863 1132 1936 ubi
1146 1880 1211 1937 aut
1227 1868 1307 1937 vio-

298 1987 436 2060 lentius
464 1985 619 2072 intrusi,
646 1998 710 2056 aut
736 1985 879 2081 inepte,
899 2007 942 2054 ac
968 2007 1171 2081 perperam
1197 2007 1307 2056 cons-

298 2105 412 2176 tructi
433 2103 524 2191 sint,
541 2117 605 2174 aut
630 2115 810 2189 mortem,
838 2115 880 2171 ut
901 2100 1111 2172 Benevolus
1124 2098 1181 2196 (3)
1196 2101 1305 2190 vidit,

297 2237 363 2292 aut
380 2220 649 2292 detrimentum
670 2216 807 2292 afferre
822 2241 955 2317 posse,
980 2219 1190 2315 praesertim
1215 2220 1247 2291 si
1267 2222 1304 2289 in

297 2361 430 2410 eorum
449 2361 520 2410 usu
533 2337 782 2408 nibilominus
799 2334 1168 2420 feminaediutissime
1187 2361 1303 2434 perse·

298 2471 450 2545 verent,
468 2471 505 2528 et
520 2480 569 2526 ne
593 2453 833 2553 abstergendi
857 2452 1032 2550 quidem,
1060 2467 1098 2524 et
1117 2454 1304 2554 purgandi

300 2574 417 2672 gratia
434 2597 602 2671 unquam
620 2571 826 2643 extrabant.
848 2569 994 2642 Videsis
1012 2570 1052 2639 in
1065 2573 1303 2643 Commercio

298 2691 503 2787 litterario(
507 2691 544 2787 Δ)
553 2689 645 2788 quid
656 2689 801 2760 duabus
812 2688 862 2760 ob
871 2685 1057 2785 ejusmodi
1067 2691 1301 2762 causasacci-

299 2807 406 2882 derit.
419 2810 608 2896 Invenies,
623 2807 729 2879 alteri
744 2809 842 2878 circa
858 2805 1042 2906 glomum,
1059 2833 1178 2906 quem
1192 2810 1304 2880 intru-

298 2944 413 3017 serat,
428 2928 690 3000 contortorum
711 2924 863 2998 filorum
881 2937 1080 2997 tartaream
1102 2927 1305 3024 quamdam

298 3047 492 3118 materiam
516 3045 752 3117 concrevisse
772 3069 815 3116 ea
835 3041 1056 3133 altitudine,
1077 3059 1120 3115 ut
1133 3044 1304 3142 undique

298 3179 375 3236 tres
392 3163 498 3262 digiti
517 3179 643 3261 partes
663 3141 812 3260 quartas
826 3177 1007 3259 aequaret,
1028 3187 1071 3232 ea
1091 3178 1224 3234 autem
1243 3163 1307 3234 du-

299 3283 457 3372 ritie,ut
475 3281 623 3379 scalpro
640 3305 737 3379 opus
758 3261 872 3350 fuerit
892 3279 940 3351 ad
964 3279 1306 3377 desquamandam3

337 3625 383 3703 (ι)
402 3628 484 3684 Loco
492 3643 587 3700 supra
601 3623 640 3681 ad
653 3643 684 3680 n.
704 3625 737 3682 13
751 3623 893 3682 indicato.

288 3763 293 3770 ·
340 3723 382 3806 (a)
403 3725 497 3801 Epist.
512 3743 566 3796 aa,
579 3745 611 3780 ιι.
626 3742 663 3782 aa
678 3725 711 3780 in
727 3723 796 3794 fine.

339 3824 382 3904 (3)
403 3827 557 3884 Osservaz.
578 3825 604 3882 3.

337 3927 382 4002 (4)
403 3923 672 3997 An.1733,hebd.
691 3943 744 4000 ro,
761 3923 840 3994 ub,
857 3923 1303 3999 etan.1738,bebd.3a,n.r

298 4027 336 4084 ad
348 4036 428 4104 part.
442 4043 470 4096 7.
