2726 4676
263 399 331 476 25¹2
424 423 470 468 on
496 417 641 468 snnrsos
666 419 709 464 ιτ
734 411 857 464 crosis
881 413 1088 463 nonnonon

263 535 505 636 parvulorum
532 530 760 602 calculorum
787 529 934 624 aliquot
951 527 1054 599 mille
1079 533 1117 598 io
1135 535 1274 600 vesica

254 655 426 726 ‘distenta
451 649 591 746 reperti
617 662 713 719 sunt.
743 646 904 717 Alterius
923 645 977 741 (1)
1001 647 1123 717 vesica
1141 671 1273 718 unum

264 769 398 843 habuit
412 768 498 864 qui,
516 766 565 836 ob
585 765 770 835 minorem
787 765 888 835 intus
904 759 1093 835 inclusum
1106 818 1116 852 ,
1127 765 1275 834 aetitem

266 885 468 969 referebat,
481 881 610 980 pondo
623 879 861 980 sesquilibra.
882 879 954 952 Sed
969 879 1153 980 tertii(2)‚
1170 905 1276 980 saepe

269 1031 355 1079 oum
390 1004 599 1090 doloribus,
633 1019 670 1074 et
699 1002 913 1075 vehementi
949 1001 1117 1100 ejulatu
1118 1005 1278 1073 urinam

270 1123 482 1210 reddentis,
502 1121 707 1210 calculum,
735 1121 800 1216 qui
823 1121 952 1192 vesicae
981 1120 1101 1192 inerat
1121 1143 1277 1218 aspera,

272 1265 351 1310 non
387 1239 566 1336 laevigatn‚
595 1239 701 1308 utin
725 1237 928 1318 Patavino‚
953 1233 1171 1334 superficie,
1200 1235 1279 1306 etsi

274 1372 369 1430 esset
385 1357 498 1454 paulo
517 1352 612 1424 infra
626 1353 778 1452 pondus
796 1355 992 1425 unciarum
1008 1354 1144 1442 trinm3
1161 1353 1281 1423 mira-

273 1464 373 1546 beris
382 1477 511 1546 'tamen
524 1473 640 1570 magis
655 1497 769 1569 quem
786 1471 1068 1569 sesquilibrem;
1088 1471 1152 1542 hic
1172 1473 1280 1542 enim

276 1592 377 1664 canis
392 1605 525 1688 suopte
544 1611 678 1686 genere
701 1604 780 1660 erat
807 1595 988 1659 minimus.
1000 1607 1003 1615 ²
1016 1589 1188 1686 Denique
1208 1612 1282 1686 po·

276 1710 350 1780 tius
368 1723 411 1779 ut
423 1707 531 1779 sedes
547 1729 660 1803 quarn
678 1720 719 1777 ut
733 1706 899 1777 calculus
917 1705 1170 1792 describatur,
1185 1729 1281 1804 prae-

276 1823 540 1897 termittendus
558 1847 636 1892 non
656 1837 713 1894 est
737 1846 846 1920 quem
868 1823 1012 1921 probus
1036 1804 1186 1920 juvenis
1209 1847 1280 1892 au-

279 1942 380 2014 ditor
401 1965 507 2013 meus
536 1940 643 2012 annis
669 1939 925 2039 superioribus
950 1941 1044 2012 mihi
1079 1939 1282 2025 narrabat,

179 2051 181 2054 ⁵
283 2083 368 2131 ouem
391 2081 429 2128 se
453 2057 796 2156 exercendigratia
819 2083 949 2130 canem
967 2072 1194 2157 personaret,
1213 2055 1281 2127 de-

269 2173 534 2272 'prehendisse
550 2172 723 2254 Ureteres
738 2176 851 2273 paulo
871 2201 982 2274 supra
1003 2176 1129 2247 locum
1148 2175 1280 2272 quoin

281 2291 442 2362 vesicam
455 2289 645 2381 influunt,
671 2317 789 2362 unum
809 2295 848 2363 in
868 2293 1034 2365 canalem
1052 2291 1165 2364 ambo
1194 2318 1282 2364 con·

281 2407 498 2494 veniebant
505 2407 696 2481 alterutro
709 2435 838 2482 eorum
853 2435 932 2482 non
949 2411 1010 2484 lat'
986 2427 1135 2484 t:10rem
1153 2413 1185 2482 is
1196 2435 1281 2481 raro

282 2525 456 2622 exemplo
477 2549 577 2598 unus
602 2551 672 2624 pro
696 2543 859 2625 utroque
883 2527 1044 2598 mediam
1067 2525 1283 2627 perforabat

284 2641 332 2714 ad
354 2641 531 2714 inferiora
559 2645 687 2715 vesicae
717 2659 879 2744 partem,
908 2647 947 2714 in
968 2671 1125 2742 eamque
1149 2646 1282 2716 lotium

283 2757 477 2832 inferebat.
503 2761 560 2852 Ad
588 2761 701 2857 hujus
725 2763 838 2860 igitur
869 2761 1006 2832 canalis
1033 2763 1181 2833 initium
1207 2785 1281 2860 quo

285 2894 470 2966 meteres,
486 2895 527 2949 ut
542 2878 684 2950 dictum
701 2893 775 2962 est,
801 2876 1058 2966 confluebant,
1080 2877 1283 2952 haerentem

285 2995 470 3066 caleulum
490 2995 657 3082 invenit,
684 3018 846 3092 eumque
865 2995 1008 3065 nonita
1030 2995 1180 3066 durum.
1199 2999 1281 3068 Non

286 3112 527 3198 taruennae,
546 3111 740 3207 multoque
765 3114 891 3183 minus
908 3128 1038 3183 caetera
1055 3121 1137 3210 q'uae
1158 3117 1282 3184 Dona-

286 3247 347 3302 tus
364 3231 420 3325 (3)
442 3231 672 3302 calculorum
691 3233 898 3330 congessit,
926 3233 1095 3330 exempla
1119 3247 1282 3332 reperto·

288 3373 374 3420 rum
393 3350 432 3419 in
449 3350 617 3445 jecinore
638 3375 808 3448 quoque,
834 3365 898 3422 aut
915 3351 993 3446 ejus
1009 3352 1189 3440 vesicula,
1206 3365 1280 3422 tum

289 3467 521 3552 ventriculo,
541 3483 578 3538 et
593 3469 778 3540 intestinis
803 3467 1000 3564 brutarum
1019 3471 1280 3554 animantium,
1360 3487 1362 3563 g

331 3767 341 3830 ι’
346 3756 375 3845 ι)
395 3768 472 3824 lbid.
492 3767 523 3823 in
537 3767 666 3846 append.
683 3767 738 3823 sub
753 3785 782 3822 ιι.
797 3767 815 3823 6
828 3767 865 3824 ad
875 3768 938 3825 obs.
953 3769 1000 3827 23.

304 3877 308 3884 “
332 3864 374 3946 (a)
395 3869 466 3922 Dee.
485 3867 550 3924 ead.
565 3869 602 3923 A.
617 3887 636 3942 9
649 3877 679 3922 et
693 3885 744 3937 ιο,
763 3866 827 3923 obs.
846 3886 911 3939 170.
958 3866 959 3869 ’

332 3961 375 4044 (3)
397 3967 430 4022 C.
445 3965 494 4022 cit.
513 3967 654 4043 supra'ad
667 3986 697 4023 n.
715 3951 760 4023 16'.
