2814 4674
252 379 299 456 38
376 403 378 407 ·
421 403 468 450 nr
494 401 639 450 srnrsus
663 403 707 450 rr
732 401 856 452 crusis
880 403 1089 454 uosnonun

251 516 467 596 hamentius
490 515 639 614 pulsare
666 515 827 589 subinde
847 533 1025 616 cogerent
1048 535 1085 593 et
1103 517 1255 620 imposi-

195 629 196 634 ’
251 647 334 706 tum
353 632 508 733 globum
525 633 729 732 impellere.
745 633 817 708 Sed
836 637 1018 734 quoniam
1036 663 1105 738 per
1120 638 1252 712 dissec-

251 753 419 842 tionem,
441 767 485 823 ut
505 749 606 840 dixi,
627 753 783 830 minime
807 753 934 844 licuit,
963 771 1042 826 non
1066 755 1251 830 subfuisse

251 869 287 942 oi
298 869 439 940 tumori
450 867 564 942 ullam
578 871 798 943 arteriarum
811 871 1067 946 dilatationem
1081 873 1253 946 demons-
1347 863 1348 866 ¹

251 1001 370 1077 trare;
389 987 438 1060 sd
453 988 567 1060 alium
585 1003 772 1070 tumorem
789 990 956 1078 veniam,
971 983 1101 1062 eadem
1112 992 1151 1061 in
1165 991 1252 1063 sede

252 1106 433 1204 positum,
449 1103 515 1178 sed
533 1083 818 1204 permanentem
833 1105 937 1178 buno
954 1101 1108 1206 quidem
1128 1123 1165 1180 et
1183 1127 1253 1206 per

251 1237 455 1296 anatomeu
485 1225 728 1324 exploratum.
758 1226 944 1314 Quicum
973 1251 1019 1297 ex
1046 1225 1253 1298 rarioribus

253 1337 385 1430 luerit,
402 1355 439 1415 et
450 1343 490 1412 in
504 1367 547 1414 ea
562 1365 741 1441 persona,
757 1357 794 1414 et
809 1343 854 1412 iis
868 1341 1160 1442 discrepantium
1173 1344 1251 1442 opi·

251 1443 413 1532 trionum
431 1460 697 1532 controversiis
714 1457 944 1559 agitatus‚ut
957 1462 1085 1560 paucis
1093 1463 1172 1557 ejus
1181 1451 1251 1532 bis

253 1577 350 1650 toria
368 1598 441 1648 nec
459 1575 733 1676 comprehendi
748 1579 884 1676 possit,
912 1601 981 1650 nec
1002 1577 1154 1668 debeat3
1171 1600 1252 1649 non

253 1693 480 1786 miraberis,
498 1698 529 1768 si
553 1693 653 1766 hanc
676 1693 814 1784 fusius,
834 1695 948 1792 quam
966 1690 1087 1784 soleo,
1117 1696 1252 1793 partite

57 1830 59 1833 ’
252 1835 294 1884 ac
313 1811 512 1911 diligenter
530 1835 754 1912 proponam.

301 1954 358 2000 αι.
376 1934 600 2002 Fortunatus
616 1933 891 2018 Marmoreum,
909 1949 1024 2028 quem
1044 1929 1092 2000 ab
1105 1928 1254 2000 illustri

251 2045 324 2118 bus
341 2047 380 2116 in
393 2049 537 2117 Veneta
554 2046 749 2144 republica
766 2046 988 2118 muneribus
1011 2046 1255 2144 amplissima-

162 2227 165 2235 .
250 2181 328 2261 que
348 2162 491 2256 domo(
507 2145 586 2235 erat
600 2165 903 2246 enimFrancisci
928 2165 1035 2236 ducis
1053 2165 1118 2261 qui
1132 2179 1177 2234 ex
1194 2179 1256 2236 su·

204 2372 208 2387 „
251 2280 360 2352 bactu
380 2281 617 2378 Peloponeso
640 2305 851 2379 cognomen
875 2275 1192 2380 ¹invenit„fratris
1212 2277 1255 2352 fi-

251 2397 355 2493 lius)
386 2399 578 2497 religionis
599 2423 705 2470 amor
733 2401 773 2472 in
797 2401 1050 2472 venerabilem
1074 2401 1256 2472 Casinen-

250 2518 350 2589 sium
366 2515 641 2588 monachorum
656 2515 832 2588 familiam
858 2518 1096 2606 traduxerat,
1112 2505 1256 2588 'merita

208 2673 211 2679 ι
249 2649 375 2704 autern
393 2657 438 2704 ex
458 2632 526 2704 hac
542 2633 589 2704 ad
603 2637 836 2706 Tarvisinum
853 2649 890 2708 et
902 2633 1038 2706 deinde
1051 2634 1099 2705 ad
1115 2636 1256 2705 Brixia-

249 2771 344 2822 num
375 2752 633 2850 episcopatum
654 2767 872 2844 evexerant,
893 2754 970 2850 jam
990 2751 1078 2823 inde
1104 2773 1149 2824 ex
1173 2775 1255 2850 quo

249 2886 407 2967 propter
431 2892 573 2941 novum
592 2872 673 2941 vitae
693 2893 830 2970 genus,
850 2872 971 2942 rarius
996 2871 1036 2940 in
1055 2870 1251 2969 publicum

249 2986 424 3084 prodire,
443 3003 485 3060 ut
501 2987 705 3088 plurimum
720 3003 865 3078 autem,
884 3013 971 3059 oum
990 3004 1090 3060 totus
1107 3003 1203 3064 esset
1213 2991 1253 3060 in

249 3127 443 3177 sacrorum
456 3105 642 3177 librorum
661 3105 844 3193 lectione,
864 3104 994 3178 sedere
1016 3123 1252 3196 assueverat,

247 3222 425 3319 paulatim
439 3221 780 3321 hypochondriacae
793 3221 1000 3312 affectioni,
1014 3237 1051 3296 et
1061 3225 1254 3323 sanguinis

247 3361 316 3436 per
342 3339 638 3412 haemorrhoides
664 3339 778 3410 fluxui
805 3339 990 3414 obnoxius
1024 3340 1163 3433 factus3
1197 3357 1251 3416 ta-

247 3478 352 3546 men,
379 3456 454 3529 boc
479 3459 578 3529 intra
605 3457 762 3528 modum
787 3473 1026 3549 recurrente,
1053 3461 1114 3532 vel
1135 3461 1256 3559 magis

246 3597 361 3670 quam
379 3575 491 3646 vellet
509 3598 620 3646 sanus
633 3577 737 3664 vixit,
758 3573 951 3674 pinguiori
971 3578 1145 3650 videlicet
1166 3603 1251 3648 cor-

245 3715 355 3788 pore,
380 3695 585 3790 praesertim
611 3708 735 3764 autern
759 3693 981 3785 abdomine,
1005 3697 1128 3768 donec
1145 3709 1252 3768 aetate

244 3807 478 3882 increscente
489 3863 499 3898 ,
511 3811 542 3883 is
557 3808 679 3883 fluxus
692 3813 856 3910 primum
875 3815 1012 3903 minui,
1026 3813 1163 3886 deinde
1172 3815 1249 3910 jam

243 3925 370 3998 nullus
394 3949 472 4000 esse
493 3929 644 4027 incepit.
665 3932 836 4030 Namque
863 3955 908 4004 eo
933 3932 1156 4023 imminuto,
1181 3931 1251 4004 do-
