2746 4674
272 467 339 549 140
431 485 478 532 nu
504 481 652 582 suntaup
676 483 720 530 nr
745 480 869 530 causis
893 481 1102 530 nonnosum
1137 495 1140 506 ·

267 621 398 672 eorum
413 596 587 666 historias
596 593 907 682 consideraveris,
918 593 983 666 sed
995 595 1189 668 universas
1201 623 1210 685 ;
1224 593 1276 668 ita

266 716 368 787 enim
388 714 609 811 disponam,
629 727 672 783 ut
690 710 825 782 indicia
850 710 912 782 illa
935 712 1053 810 magis
1080 713 1276 810 magisque
1365 743 1366 750 ¹

266 831 395 928 augeri
412 829 559 916 videas,
591 843 628 900 et
656 853 701 900 ex
731 826 937 900 levioribus
963 827 1167 900 ordinatim
1192 825 1280 902 fieri

267 949 448 1046 graviora.
515 1017 518 1030 ,
1238 959 1240 964 ’

320 1089 375 1135 21.
404 1062 573 1134 Mulieris
597 1062 636 1132 in
666 1061 891 1132 nosocomio
912 1060 986 1134 hoc
1003 1077 1182 1148 mortuae,
1201 1061 1281 1136 vis-

269 1206 354 1254 cera
372 1179 562 1278 quaedam,
578 1194 614 1250 et
629 1194 741 1278 caput
753 1181 791 1250 in
807 1182 1044 1278 gymnasium
1057 1179 1157 1250 illata
1170 1196 1281 1266 sunt,

269 1323 355 1370 cum
370 1301 570 1368 anatomen
584 1296 762 1368 haberem
774 1321 874 1368 anno
889 1296 991 1395 1726.
1004 1295 1162 1368 Cerebri
1172 1293 1282 1370 fusca

270 1430 350 1488 erat
364 1414 580 1486 medullaris
594 1413 818 1500 substantia,
844 1428 881 1486 et
899 1412 1040 1486 crebris
1065 1414 1284 1512 sanguineis

211 1597 217 1610 ,
268 1533 421 1632 punctis
439 1532 633 1603 distincta:
666 1530 834 1603 laterales
857 1531 1058 1604 ventriculi
1088 1555 1167 1601 non
1198 1533 1284 1604 sine

269 1675 366 1747 aqua
385 1646 618 1744 intro'effusa
633 1676 647 1754 ,ε
669 1647 898 1721 cerebellum
929 1647 1149 1747 praemolle.'
1164 1652 1213 1722 Ut
1243 1651 1285 1719 in

269 1767 437 1843 thoracis
455 1791 561 1856 cav0,
579 1768 630 1838 sic
655 1767 766 1837 etiam
785 1767 824 1836 in
842 1781 973 1838 ventre
997 1789 1094 1865 aqua
1112 1790 1190 1836 non
1219 1766 1286 1839 de·

270 1869 411 1972 fuerat,
427 1908 546 1983 eaque
566 1882 673 1954 foeda.
693 1884 800 1954 Uteri
829 1883 927 1956 tubae
952 1883 1071 1979 majus
1091 1881 1285 1955 orificium
1368 1979 1369 1982 Ἴ

271 2001 464 2076 habebant
477 2001 690 2090 occlusum,
708 2002 853 2100 quippe
869 2016 1037 2073 extremo
1053 2001 1122 2073 illo
1135 2001 1183 2073 ad
1199 2027 1288 2074 ova·

271 2120 370 2192 rium
392 2117 550 2189 firmiter
566 2117 806 2216 agglutinato.
829 2123 908 2190 Ren
924 2135 1085 2217 uterque
1106 2119 1286 2216 inaequali

273 2250 352 2310 erat
367 2233 581 2335 superficie,
599 2250 636 2306 et
653 2235 808 2310 maculis
824 2235 917 2309 albis
933 2236 995 2308 hic
1010 2234 1086 2307 illic
1105 2258 1182 2332 qua
1198 2235 1286 2308 sub

273 2335 436 2442 sidebat,
452 2355 657 2451 variegata3
681 2369 723 2427 ut
739 2355 1026 2451 inequalitatem
1044 2353 1145 2424 illam
1168 2379 1190 2426 a
1215 2379 1286 2426 ua-

276 2487 362 2543 tura
379 2495 458 2540 non
478 2494 578 2559 esse,
595 2468 701 2544 facile
715 2471 953 2570 intelligeres·
970 2473 1142 2543 Urinaria
1156 2487 1286 2546 autern

273 2588 395 2682 vesica
414 2587 517 2659 intus
535 2586 705 2680 rubebat.
749 2579 756 2594 '

320 2733 381 2776 on.
410 2706 515 2776 Senis
535 2706 729 2801 cujusdam
744 2721 884 2805 partes,
899 2708 1105 2804 praesertim
1121 2711 1288 2797 ventris,

274 2826 314 2896 in
336 2822 469 2896 eodem
487 2825 708 2897 nosocomio
726 2822 900 2896 studiosis
918 2825 1056 2896 nostris
1072 2824 1297 2902 adolescen·'

276 2942 378 3015 tibus
395 2931 706 3028 ostendebamus,
730 2939 800 3012 sub
826 2940 941 3012 finem
957 2944 1047 3012 anni
1064 2947 1174 3040 1742,
1196 2967 1287 3014 cum

276 3061 376 3130 inter
395 3059 476 3131 illas
492 3085 512 3130 a
534 3075 714 3131 consueta
730 3073 872 3130 naturae
891 3081 1025 3132 norma
1044 3057 1113 3132 has
1131 3059 1288 3134 aberra·

276 3199 318 3246 re
345 3174 614 3248 adnotavimus.
634 3177 752 3248 Testis
775 3175 928 3247 alterius
953 3176 1133 3274 vrginalis
1157 3179 1287 3250 tunica

277 3316 413 3389 aquam
439 3293 657 3366 continebat
675 3317 755 3364 non
779 3317 957 3392 paucam,
982 3318 1139 3390 eamque
1162 3294 1288 3366 turbi-

278 3410 365 3482 dam
377 3437 385 3478 :
396 3435 440 3482 ex
451 3411 651 3510 albuginea
663 3426 801 3500 autem,
817 3435 890 3509 qua
906 3435 1026 3510 prope
1042 3411 1198 3510 globum
1214 3412 1289 3510 epi·

278 3527 440 3625 didymis
482 3530 715 3626 superiorem
751 3529 965 3600 testiculum
1006 3527 1288 3616 convestiebat,

279 3645 545 3741 corpusculum
568 3644 848 3717 subrotundum
865 3644 1054 3732 exstabat,
1078 3644 1287 3742 albugineae

279 3761 471 3832 concolor.
492 3763 634 3833 Arteria
655 3787 791 3862 magna
809 3762 876 3834 ubi
894 3763 933 3832 in
951 3761 1074 3848 iliacas
1087 3787 1124 3834 se
1142 3760 1287 3834 divide-

277 3876 359 3966 bat,
379 3879 537 3950 ossicula
550 3879 648 3950 inter
660 3880 805 3952 tunicas
816 3877 1003 3952 condebat
1014 3903 1107 3952 suas.
1117 3878 1286 3950 'Sedhoc

280 3993 375 4068 nibil
393 4011 472 4068 crat
487 4021 564 4096 prae
576 3978 710 4070 arteria
731 3996 916 4097 splenica,
937 4022 1019 4097 quae
1043 3995 1090 4070 ab
1109 3997 1219 4070 initio
1241 3993 1285 4067 ad
