2790 4668
130 411 196 457 nr.
224 409 279 456 111.
308 408 354 453 ns
380 404 517 454 uoums
537 404 705 466 vaurms,
731 405 840 461 misr.
869 403 965 452 xciv.
993 377 1074 470 445'

74 523 162 598 'culis
176 520 657 620 malignohalitususcepto
670 519 839 605 irritatis,
866 522 1066 615 provenire

77 645 104 714 is
123 640 260 711 humor
281 651 407 735 posset
424 637 490 733 qui
508 635 630 731 primo
661 635 741 729 ejus
762 634 886 707 morbi
897 651 1066 734 tempore

76 783 116 828 ex
134 757 286 829 urethra
307 754 401 826 solet
431 751 628 822 destillare.
653 754 785 848 Neque
808 754 907 823 enim
936 779 1067 826 verum

76 888 124 945 est
145 881 289 956 semen',
316 886 356 942 ut
383 871 613 966 comparatio
637 893 722 939 cum
743 868 817 939 hoc
845 869 975 942 docuit
998 871 1066 942 ali-

76 990 220 1088 quando
236 991 297 1060 vel
311 989 395 1060 illos
409 988 532 1085 ipsos,
547 987 612 1082 qui
627 986 875 1082 improbanda
886 989 1066 1085 opinione
1173 973 1177 984 ⁴

76 1101 229 1196 seducti,
248 1122 291 1178 ut
308 1104 483 1176 morbum
504 1103 717 1201 abigerent,
740 1128 915 1178 venerem
936 1109 1068 1204 sapius

45 1215 48 1221 ⁵
76 1225 311 1297 exercebant:
332 1223 437 1321 quod
456 1238 497 1294 ut
510 1220 556 1293 ab
577 1222 707 1292 iisdem
727 1225 873 1320 accepi,
889 1224 941 1295 sic
954 1226 1066 1296 etiam

77 1343 117 1414 ab
143 1344 221 1415 aliis
262 1345 400 1414 certior
435 1364 693 1438 saepenumero
728 1339 845 1412 factus
883 1365 985 1428 sum,
1022 1367 1068 1414 eo

78 1462 190 1557 primo
208 1476 383 1558 tempore
411 1458 576 1528 necdum
600 1457 704 1528 illum
734 1460 874 1530 esseio
907 1461 1070 1555 perinaeo

78 1578 267 1676 molestum
287 1600 438 1648 sensum
455 1577 521 1672 qui
538 1575 649 1646 altius
670 1574 904 1646 descendisse
922 1576 1070 1666 vitium,

79 1687 218 1767 indicet.
257 1699 390 1792 Neque
427 1717 557 1764 rursus
592 1692 630 1762 id
665 1692 768 1789 quod
803 1708 892 1764 tunc
922 1692 1072 1784 defluit,

80 1837 201 1883 verum
234 1829 290 1884 est
312 1837 382 1909 pus
395 1849 412 1900 ,²
436 1837 522 1882 cum
552 1810 662 1882 dolor
689 1810 852 1882 necdum
881 1811 913 1882 is
939 1813 984 1882 sit
1007 1815 1073 1907 qui

83 1933 285 2002 erosionem
296 1927 638 2027 significet,neque
653 1928 844 2024 sanguinis
859 1927 934 1998 ulla
949 1927 1072 2001 adhuc

81 2047 133 2116 vel
146 2047 329 2122 levissima
340 2049 514 2133 tinctura,
530 2046 671 2116 nedum
687 2046 829 2142 guttula
847 2049 1072 2144 apparuerit.

82 2164 215 2254 Quibus
230 2189 334 2236 nunc
350 2164 510 2252 addere,
524 2165 682 2261 opinor,
700 2164 829 2234 liceret
847 2166 985 2236 summi
1002 2167 1073 2236 viri

85 2281 218 2353 wSenacii
235 2281 295 2380 (1)
323 2269 623 2368 observationes,
650 2280 856 2352 secundum
881 2307 974 2377 quas
996 2283 1076 2380 glo-

83 2392 154 2467 buli
182 2399 344 2471 materiae
374 2401 413 2468 in
447 2396 674 2495 gonorrhoea
704 2395 888 2470 effluentis
917 2401 1078 2494 majores

84 2516 339 2616 suut,globuli
364 2531 488 2586 autem
517 2515 583 2612 qui
611 2515 780 2585 ulcerum
811 2540 882 2613 pus
912 2515 1076 2607 faciunt,

85 2647 160 2703 sunt
170 2638 356 2734 minores,
385 2647 422 2704 et
440 2631 656 2730 inaequales,
676 2633 705 2701 si
722 2633 872 2730 utrique
891 2635 1003 2704 oculo
1022 2661 1079 2706 ex-

85 2750 323 2842 quisitissimis
342 2752 448 2824 vitris
465 2752 650 2820 instructo
673 2750 920 2846 aspiciantur,
938 2768 974 2822 et
992 2777 1078 2822 cum

87 2871 266 2966 sanguinis
289 2869 451 2966 globulis
477 2881 755 2965 comparentur.
783 2870 913 2964 ltaque
931 2869 1079 2942 Ronde-

87 2977 254 3056 letiumin
272 2987 403 3084 primis
420 3000 587 3074 secutuS,
603 2986 669 3081 qui
683 2998 788 3054 caute
800 2983 1079 3082 sapienterque,

89 3101 184 3170 utin
218 3103 464 3202 Sepulchreto
498 3103 552 3202 (a)
583 3101 719 3187 habes„
751 3105 942 3170 materiam
978 3103 1080 3184 illam

85 3223 182 3306 puris
207 3219 489 3292 similitudinem
520 3219 678 3310 restrrre,
714 3234 777 3288 aut
801 3218 1082 3314 puri·simt'lem

91 3353 160 3402 esse
191 3335 299 3426 dixit,
335 3362 405 3433 ego
430 3361 584 3434 quoque
607 3331 858 3433 puriformen'z
882 3336 1078 3434 appellavi.

91 3444 219 3524 Placuit
234 3479 280 3527 ea
297 3452 533 3553 gonorrhoeae
548 3453 587 3544 iu
615 3451 828 3521 canaliculis
853 3452 958 3526 sedes
969 3509 985 3562 ,¹
1001 3481 1079 3528 non

106 3663 1084 3692 W

130 3817 168 3899 (1)
188 3829 285 3885 Traite
299 3829 339 3885 du
352 3845 447 3900 coeur,
461 3827 605 3902 supplem.
620 3827 667 3882 ch.
682 3825 716 3896 ,8,
729 3844 759 3881 n.
777 3824 803 3881 5.

132 3933 171 4016 (ἢ)
192 3944 266 4002 sect.
282 3941 337 4022 hac
353 3947 408 4018 31,
424 3945 446 3999 l.
461 3944 478 4000 3
494 3937 760 4000 insch01,adobs.
780 3960 804 4000 t,
