2746 4674
308 413 374 510 196
463 435 509 482 na
535 431 680 488 sturnus
704 429 749 478 ar
773 429 897 480 causis
922 431 1130 502 nonnosum

300 552 473 632 daretur,
489 547 620 645 primis
635 544 786 644 quidem
806 543 938 618 diebus
958 573 1002 618 ex
1020 572 1099 644 quo
1118 545 1207 618 illud
1225 571 1304 620 coe·

300 669 355 766 pit
364 665 457 746 fieri,
472 660 738 736 educebantur.
753 662 1005 750 Intermediis,
1015 689 1102 734 nam
1117 663 1194 736 dies
1207 667 1304 735 vixit

292 786 447 856 ‚circiter
457 779 673 878 quindecim
687 779 822 876 ,paulo
838 779 1032 876 pauciores
1046 807 1054 849 :
1069 781 1207 852 ultimis
1221 807 1303 852 rur·

296 925 360 976 sus
377 899 423 970 ad
440 913 592 995 septem.
612 901 658 966 Et
676 896 808 992 primis
823 895 976 992 quidem
992 896 1123 969 diebus
1133 899 1301 996 aliquem

296 1017 344 1090 ad
364 1014 609 1114 mingendum
629 1011 812 1084 sentiebat
832 1012 1044 1102 stimulum,
1073 1014 1219 1084 nullum
1242 1016 1301 1085 in·

286 1133 510 1220 ,termediis,
527 1155 656 1202 rursus
673 1129 836 1226 aliquem
855 1131 1006 1216 ultimis.
1033 1135 1077 1202 In
1098 1133 1217 1204 urinis
1239 1134 1299 1202 in·

295 1251 443 1326 terdum
464 1249 607 1346 aliquid
624 1247 814 1346 sanguinis
828 1262 1073 1346 conspectum
1092 1264 1162 1336 est,
1178 1252 1298 1322 inter·
1339 1282 1344 1291 ·

285 1371 385 1443 dum
414 1367 584 1466 quaedam
611 1389 724 1464 parva
758 1366 865 1461 quasi
900 1353 1204 1460 membranarum
1246 1383 1297 1438 te·

293 1489 425 1560 nuium
447 1483 572 1558 frusta.
598 1483 799 1554 Postremis
817 1480 951 1554 diebus
975 1481 1126 1556 alterius
1145 1463 1297 1556 humeri

293 1605 403 1678 dolor
414 1603 587 1674 accessit:
608 1597 720 1670 febris
730 1597 941 1696 penultimo
956 1627 963 1668 :
979 1601 1195 1690 novissimo,
1205 1625 1294 1672 cum

282 1738 378 1821 post
398 1721 574 1796 eductum
596 1741 705 1797 mane
724 1715 882 1804 lotium,
901 1733 1076 1814 argentea
1093 1715 1216 1789 fistula
1235 1745 1293 1791 ex.

291 1840 526 1922 traheretur,
552 1833 853 1906 animadversum
875 1849 929 1904 est
952 1835 1104 1926 tinctam
1132 1861 1211 1908 esse
1233 1836 1294 1934 (id
1327 1919 1331 1928 ¹

289 1955 394 2055 quod
418 1969 525 2027 autea
542 1950 727 2022 acciderat
745 1949 967 2046 nunquam)
988 1949 1090 2022 haud
1121 1977 1230 2024 secus
1250 1977 1291 2023 ac

282 2075 376 2144 siin
389 2069 576 2142 vitriolico
599 2065 759 2136 humore
780 2062 917 2138 fuisset.
937 2071 991 2162 ᾙο
1009 2066 1069 2138 die
1088 2068 1135 2138 ad
1159 2093 1290 2170 vespe·

290 2215 369 2262 ram
385 2188 605 2270 inclinante,
623 2209 711 2256 ecce
724 2184 827 2280 rigor
846 2198 882 2254 et
898 2199 1060 2276 tremor,
1076 2185 1221 2258 calente
1239 2203 1290 2258 ta·

288 2332 376 2378 men
397 2319 502 2393 cute;
525 2302 614 2372 hinc
640 2301 769 2398 pulsus
794 2299 1028 2372 obscuratio:
1046 2283 1123 2400 quc
1149 2304 1287 2376 iterum

289 2449 327 2496 se
343 2448 420 2495 non
435 2422 513 2492 sine
527 2416 864 2490 intermissionibus
881 2417 1084 2516 prodente,
1106 2399 1217 2493 'alter‘
1229 2447 1288 2494 ac-

287 2541 377 2614 cidit
393 2519 555 2618 tremor:
572 2536 666 2608 hora
684 2552 806 2626 autem
828 2537 958 2634 quinta
971 2538 1092 2610 noctis
1113 2564 1228 2612 mors.

337 2657 534 2732 Cadaveris
561 2655 776 2742 dissectioni
792 2670 969 2752 rogatus,
992 2680 1077 2756 cum
1108 2657 1189 2729 aliis
1211 2685 1285 2730 me·

285 2777 378 2850 dicis
398 2770 550 2846 interfui
568 2771 746 2870 postridie
759 2770 828 2842 sub
841 2773 1001 2868 primam
1018 2751 1193 2874 noctem,
1208 2800 1285 2880 quo

284 2909 454 2991 tempore
467 2891 514 2961 ab
529 2916 573 2962 eo
588 2891 655 2987 qui
672 2888 894 2960 medicinam
907 2885 1063 2991 fecerat,
1076 2916 1096 2962 a
1108 2892 1284 2994 chirurgo

284 3011 331 3082 ab
345 3010 503 3106 aliisque
519 3061 529 3096 ,
547 3007 676 3078 eadem
703 3004 880 3076 omnibus
900 3005 1230 3100 confirmantibus,
1245 3036 1283 3082 ea
1348 3031 1350 3096 j

239 3218 246 3224 ἡ
284 3153 366 3225 quae
382 3125 497 3196 modo
517 3139 603 3196 sunt
621 3123 932 3219 scripta‚accepi.
954 3124 1204 3198 Peritonaeum
1230 3129 1281 3198 vi·

283 3245 428 3330 dimus,
456 3241 503 3312 ad
522 3239 803 3339 hypogastrium
822 3239 1046 3338 praesertim,
1067 3240 1206 3333 livenS,
1225 3247 1280 3316 in·
1346 3243 1347 3301 l

280 3362 415 3433 testina
432 3374 554 3430 autem
574 3355 690 3426 ferme
705 3355 910 3426 sublivida:
929 3359 968 3426 in
986 3381 1135 3428 summo
1146 3360 1280 3434 disten·

270 3494 324 3548 -tae
342 3476 470 3546 vesicae
488 3471 605 3544 fundo
625 3472 785 3542 exterius
803 3496 887 3544 vasa
909 3474 1088 3578 sanguine
1108 3479 1277 3574 turgida,

278 3595 496 3666 interiorem
513 3591 678 3662 tunicam
697 3591 762 3682 bie
784 3589 857 3691 illic
877 3589 1162 3662 rubescentem:
1179 3599 1277 3670 tuni·

277 3735 339 3782 cas
353 3726 476 3780 autem
496 3697 628 3778 omnes
645 3709 844 3778 crassiores
857 3708 977 3779 multo
997 3733 1110 3804 quam
1127 3735 1275 3808 aequum

275 3845 388 3914 esset3
408 3829 549 3921 itaque,
573 3825 632 3897 vel
659 3825 795 3896 emisso
822 3825 936 3914 loti0,
963 3826 1144 3922 majorem
1163 3853 1272 3926 quam

272 3945 365 4018 solet
379 3941 676 4040 magnitudinem
691 3945 813 4014 vesica
830 3942 1025 4015 retinebat.
1038 3948 1082 4015 In
1097 3969 1142 4016 eo
1157 3949 1272 4043 prius-
