2810 4668
102 433 104 442 ’
191 465 260 510 mn.
288 465 343 512 ιιι.
373 464 908 530 naaionrrsvrnrnrs,rr1sr.
936 455 1048 516 xcvii.
1076 449 1146 522 625

191 577 248 650 31.
268 567 406 648 Mulier
424 601 546 650 anuos
563 593 649 654 nata
667 581 960 680 quinquaginta,
981 599 1043 655 aut
1063 585 1147 683 plus

140 720 218 784 en„
244 696 437 793 trigesimo
464 721 509 767 ex
544 721 622 792 quo
652 697 792 794 vulnus
824 701 936 798 capiti
961 700 1147 774 inflictum

138 811 279 900 fuerat,
304 813 387 901 die,
405 829 555 884 mortua
575 829 654 884 erat
668 815 822 886 ineunte
843 813 1032 890 februario
1055 823 1145 892 anni

142 931 247 1028 1738.
261 929 363 1003 Nihil
383 929 460 1004 fere
480 957 582 1002 exea
603 931 788 1029 inspicere
807 937 914 1030 potui
933 953 1066 1032 prreter
1084 963 1144 1035 ge-

136 1048 287 1135 nitalia,
317 1048 514 1144 inquibus
539 1048 617 1154 haec
646 1049 903 1146 animadverti.
928 1057 1054 1125 Testes
1076 1055 1144 1126 du·

133 1167 255 1238 riores
269 1181 375 1237 erant
386 1219 395 1254 ,
406 1165 519 1253 aridi,
531 1181 567 1238 et
586 1168 666 1238 sine
679 1168 863 1240 vesiculis.
876 1172 969 1240 Cum
987 1159 1085 1244 inter
1102 1196 1141 1244 se

133 1281 243 1360 nulio
269 1283 385 1354 modo
399 1282 679 1382 discreparent·,
707 1285 827 1356 multo
855 1287 982 1358 minor
1011 1288 1143 1387 plexus

134 1425 297 1472 nerveus
316 1398 386 1472 fuit
403 1403 442 1473 in
463 1400 614 1474 dextera
636 1402 694 1474 ala
721 1403 1144 1504 vespertilionis.·Aper·

131 1533 195 1590 tus
214 1520 311 1591 uteri
327 1515 468 1590 fundus
483 1518 654 1591 exhibuit
671 1521 711 1590 in
723 1521 798 1605 ima
817 1519 909 1592 facie
931 1528 1139 1619 posteriore

132 1637 425 1708 excrescentiam
454 1622 708 1724 mediocrem,
745 1637 791 1708 ad
825 1639 955 1710 circuli
979 1639 1141 1712 formam

128 1753 391 1842 accedentem,
407 1754 641 1853 depressam,
663 1771 699 1827 et
712 1759 908 1854 superiore
922 1773 1069 1829 tantum
1080 1761 1138 1830 sui

128 1885 237 1970 parte
269 1871 315 1942 ab
346 1872 480 1942 intima
512 1874 609 1943 uteri
639 1872 869 1956 membrana·
899 1874 1135 1971 disjunctam.

132 1991 247 2085 Cujus
263 1991 381 2088 ipsius
404 1989 633 2070 membranae
654 1993 778 2088 potius
805 2017 919 2089 quam
937 1996 1035 2065 uteri
1055 1994 1141 2066 snb-

131 2109 290 2192 stantiae,
310 2110 562 2180 excrescentia
576 2133 656 2180 esse
680 2110 754 2180 visa
774 2125 839 2182 est.
865 2115 968 2182 Hanc
988 2113 1139 2184 enimet

132 2224 344 2322 subjectum
362 2226 458 2296 uteri
478 2222 676 2324 parietem,
700 2252 859 2323 eamque
879 2229 1137 2301 membranam

131 2329 346 2440 persecans,
368 2358 404 2414 et
417 2345 515 2414 inter
529 2367 567 2415 se
583 2343 799 2430 conferens,
815 2371 858 2414 ex
875 2346 1005 2417 eadem
1023 2350 1139 2444 magis

131 2476 326 2559 compacta
343 2459 572 2547 substantia,
592 2486 636 2532 ex
653 2485 728 2558 qua
757 2461 976 2532 membrana
1003 2461 1135 2535 factam

129 2580 420 2651 excrescentiam
446 2578 702 2677 reperiebam,
732 2580 1136 2705 praetereaqueffleadem

129 2696 292 2770 exterius
304 2695 478 2781 laevitate,
505 2695 716 2792 eodemque
743 2720 785 2766 ac
812 2695 1032 2766 membrana
1057 2696 1138 2786 illa,

130 2814 260 2884 colore
275 2813 489 2910 praeditam‚
507 2815 537 2884 si
553 2813 668 2884 modo
682 2837 866 2886 summam
877 2837 949 2909 qua
970 2813 1136 2909 disjunc-

127 2945 206 3002 tam
234 2930 346 3002 fuisse
370 2929 468 3020 dixi,
493 2930 727 3028 crepidinem
753 2930 930 3028 excipias,
953 2954 1034 3028 quac
1057 2930 1135 3002 sola

129 3047 302 3120 rubebat.
449 3097 451 3100 -
554 3065 556 3070 “
700 3095 713 3122 .

182 3166 238 3238 32.
251 3169 419 3238 Intuenti
435 3164 613 3238 haeemihi
624 3167 834 3262 intuentem
843 3179 998 3236 venerat
1011 3167 1133 3262 suspi-

131 3286 220 3372 cari,
237 3285 334 3356 hanc
345 3340 355 3374 ,
368 3300 404 3356 et
415 3284 647 3381 ejuscemodi
660 3284 749 3355 alias
766 3277 1050 3370 excrescentias,
1062 3275 1135 3352 for·

129 3419 229 3475 tasse
254 3402 350 3474 nibil
373 3403 473 3473 aliud
503 3399 719 3499 essequam
751 3399 1010 3470 membranam
1036 3393 1136 3486 uteri

130 3521 324 3608 intimam,
341 3519 552 3618 aplacentae
563 3519 781 3591 novimestri
801 3517 1014 3588 abhaesione
1032 3531 1135 3588 certo

131 3639 221 3709 loco
246 3653 527 3735 assurgentem,
558 3638 597 3707 in
625 3638 670 3708 iis
689 3636 913 3733 praesertim,
933 3657 953 3703 a
974 3658 1137 3730 quarum

132 3770 244 3828 utero
259 3781 338 3827 nou
356 3757 435 3828 sine
455 3757 491 3825 vi
508 3754 632 3852 aliqua
650 3751 777 3823 fuisset
787 3752 924 3822 avulsa.
951 3753 1009 3824 Sic
1035 3753 1136 3822 enim

132 3872 313 3972 intelligis
329 3899 397 3946 cur
412 3873 469 3942 hae
488 3871 745 3945 excrescentia
763 3869 893 3940 circuli
907 3867 1026 3939 forma
1043 3871 1136 3955 sint,

106 3987 109 3992 ’
134 4005 173 4064 et
193 4015 261 4063 cur
280 4017 358 4064 non
385 4013 489 4087 aeque
517 3992 557 4060 in
595 3986 772 4062 omnibus
800 4012 882 4086 quae
903 3986 1135 4086 pepererint,

212 4109 244 4184 5.
431 4145 433 4148 ·
946 4109 993 4190 40
