2726 4676
256 417 326 516 276
415 417 465 486 'ns
492 437 638 486 sumnus
664 435 707 482 nr
733 435 856 484 crusis
883 437 1091 486 nonnosum
1134 457 1139 470 -

251 554 299 626 ab
315 550 589 648 ejusdemmodi
605 573 715 622 causa
733 549 902 621 laudatus
914 550 1127 632 Fautonus(
1135 548 1259 645 r)um-

242 657 721 773 plusimos'deprehendit,
744 687 821 766 quo
845 669 1016 742 acerbior
1041 685 1190 759 autem,
1216 685 1260 740 ut

247 788 331 878 illa,
350 789 501 886 dysnria
516 801 590 875 est,
608 811 654 858 eo
668 788 876 883 graviorem
897 787 991 858 solet
1003 788 1255 885 stranguriam

249 904 657 1000 habereconjunctam.
675 907 770 974 Cum
780 904 895 1001 igitur
906 904 943 974 in
959 904 1093 1000 puellis
1106 903 1258 976 duabus

251 1047 412 1122 quarum
446 1019 603 1091 anobis
623 1035 710 1092 sunt
732 1021 898 1117 inspecta
926 1020 1123 1107 cadavera,
1149 1045 1259 1094 arceru

143 1174 146 1180 ·
250 1139 402 1213 bissima
417 1135 546 1209 fuisset
565 1137 732 1240 dysuria,
750 1137 872 1224 vesica
894 1155 1019 1210 autem
1040 1135 1147 1212 valde
1170 1163 1260 1209 con·

249 1272 386 1345 tracta,
402 1270 439 1328 et
456 1253 599 1328 calculo
617 1279 712 1351 pene
727 1269 804 1326 tota
822 1270 1002 1352 occupata
1014 1281 1025 1344 3
1039 1255 1255 1328 mirandum

249 1400 329 1446 non
349 1371 526 1470 estquod
546 1371 680 1442 lotium
704 1373 923 1468 priusquam
954 1373 1013 1443 via
1044 1397 1113 1469 per
1142 1397 1252 1444 acum

250 1489 366 1574 facta,
395 1489 441 1560 ab
469 1488 532 1559 illa
556 1487 685 1587 egredi
706 1487 900 1585 aliquanto
925 1487 1081 1562 liberius
1108 1505 1255 1587 posset,

253 1632 296 1682 ea
316 1608 423 1706 copia
449 1607 488 1676 in
516 1601 744 1699 ureteribus,
764 1604 994 1702 renibusque
1019 1605 1258 1693 subsisteret,

250 1740 293 1798 ut
305 1725 388 1796 illos
405 1723 578 1808 dilatare,
611 1720 682 1792 hos
712 1736 837 1793 antem
864 1723 977 1794 etiam
1003 1723 1132 1794 vitiare
1160 1724 1255 1795 adeo

249 1843 434 1929 valuerit,
467 1839 673 1938 praesertim
718 1862 802 1909 cum
850 1863 944 1937 pure
995 1841 1256 1930 commistum,

251 1960 355 2060 quod
379 1985 425 2029 ex
441 1957 570 2028 vesicae
582 1957 718 2028 tunicis
730 1957 951 2028 exulceratis
966 1957 1150 2029 manabat.
1164 1964 1254 2032 Eus-

250 2077 398 2150 tachius
410 2074 464 2172 (a)
475 2097 638 2170 namque
649 2087 709 2160 ,ut
729 2072 843 2146 rebus
860 2073 1067 2147 secundum
1082 2091 1251 2156 naturam

252 2221 290 2268 se
326 2191 576 2280 habentibus,
605 2188 703 2260 nibil
730 2215 779 2261 ex
813 2197 937 2262 vesica
961 2217 1034 2289 per
1068 2191 1252 2264 urinarios

251 2291 394 2386 meatus
435 2307 561 2405 egredi
585 2333 701 2406 posse
742 2305 1015 2399 confirmabat3
1052 2324 1178 2384 tamen
1216 2315 1251 2380 iu
1352 2361 1353 2398 4

215 2417 225 2428 ’
251 2454 406 2527 magna,
424 2442 461 2498 et
475 2423 853 2524 longasuppressr'one
866 2431 1008 2512 urinae,
1021 2433 1250 2498 contrarium
1352 2409 1353 2484 Ῐ

251 2545 420 2619 accidere
438 2551 475 2614 in
480 2543 658 2642 pluribus
672 2527 823 2639 aegrotis
837 2542 1064 2639 quandoque
1077 2567 1116 2616 se
1132 2543 1250 2616 aiebat

252 2668 504 2756 observavisse.
548 2660 695 2732 Scilicet
737 2659 842 2730 valde
883 2659 1114 2758 amplificatis
1145 2661 1252 2734 simul

249 2768 338 2858 cum
355 2777 569 2852 ureteribus
595 2778 767 2874 ipsorum
787 2801 941 2874 quoqne
958 2779 1134 2856 intresica
1152 2779 1252 2851 orifi-

252 2901 338 2986 ciis,
357 2898 461 2969 nulla
486 2896 562 2992 jam
584 2892 735 2986 illorum
753 2917 840 2990 pars
860 2910 1030 2991 superest
1049 2921 1131 2993 quae
1157 2899 1254 2970 inter

250 3019 380 3108 vesicae
407 3013 554 3084 tunicas
581 3009 734 3107 oblique
758 3011 984 3106 trajiciatur:
1015 3013 1142 3109 itaque
1177 3041 1252 3086 non

249 3133 365 3206 modo
380 3146 472 3202 tunc
493 3142 616 3226 potest
635 3125 720 3196 illac
740 3128 857 3198 urinae
878 3130 1003 3227 portio
1029 3128 1172 3219 redire;
1190 3131 1251 3203 sed

251 3269 289 3326 et
321 3248 453 3322 cedere
481 3246 706 3342 incipiente,
728 3259 793 3314 aut
828 3245 948 3318 soluta
968 3247 1046 3342 jam
1076 3271 1252 3346 suppres-

250 3371 373 3454 sione,
389 3391 427 3438 se
447 3361 675 3434 contrahens
689 3360 736 3430 ad
752 3362 998 3462 mingendum
1012 3364 1134 3435 vesica
1148 3381 1251 3438 tanto

250 3485 335 3586 plus
352 3483 468 3554 urinae
502 3503 570 3576 per
595 3476 820 3575 amplificata
843 3480 906 3553 illa
935 3477 1075 3553 orificia
1105 3505 1249 3556 sursum
1285 3523 1288 3531 .

251 3592 460 3700 compellit,
481 3611 624 3696 quanto
650 3596 776 3667 minus
803 3612 927 3694 potest
946 3598 1145 3690 deorsum,
1166 3599 1249 3672 obs·

289 3881 331 3964 (1)
352 3886 397 3939 De
407 3880 523 3936 observ.
536 3875 615 3932 med.
628 3888 657 3932 et
668 3889 747 3934 anat.
764 3880 850 3954 epist.
863 3879 896 3952 8,
909 3899 940 3936 n.
956 3878 1001 3940 15.

290 3983 334 4063 (a)
353 3985 452 4045 Tract.
468 3979 503 4036 de
519 3972 615 4032 renib-
634 3995 660 4033 e.
675 3978 791 4038 ultimo.
