2810 4668
171 431 237 477 m
267 425 320 475 111.
350 430 397 476 DE
422 429 558 476 uolatus
576 371 746 492 vnnrRlS,
772 429 882 500 Epi-ST
910 431 1020 477 XLVII.
1035 371 1120 528 ..599

120 569 234 644 quam
250 546 410 616 retinere
422 545 576 616 sineret:
588 527 1029 642 itaquedeficientibusin
1035 509 1122 625 dies

119 660 281 750 viribus,
306 661 419 732 evita
444 663 608 734 excessit.
637 667 682 734 ln
702 662 880 734 cadavere
905 663 999 767 adeo
1023 689 1125 737 ema-

122 781 236 868 ciato,
259 794 300 850 ut
313 780 373 850 vel
387 781 548 852 musculi
568 781 675 878 quasi
688 804 842 878 prorsus
859 796 982 852 essent
996 805 1123 855 excar-

122 922 209 983 nes,
236 899 296 968 vix
319 884 438 992 ullum
459 899 649 996 sanguinis
668 899 864 1000 vestigium
883 923 1080 996 usquam
1063 924 1125 990 su-

120 1013 281 1114 pererat.
305 1017 446 1086 Venter
465 1029 565 1086 totus
585 1014 681 1084 salso
709 1013 937 1112 opplebatur
963 1039 1067 1102 sero,
1085 1017 1125 1091 in

121 1157 200 1248 quo
215 1131 406 1204 nonnulla
419 1133 563 1204 omenti
575 1132 780 1238 portiones,
793 1147 904 1238 atque
919 1133 990 1203 alia
1000 1156 1125 1232 quana

120 1233 280 1346 plurima
311 1237 501 1320 filamenta
528 1247 722 1352 natabant
747 1250 945 1322 Peritonaei
969 1250 1126 1370 ἱιιιιιιίιιι

122 1361 236 1452 faoies
257 1391 417 1464 corpora
436 1365 577 1466 ubique
596 1337 817 1467 ostendebat
835 1391 915 1436 non
936 1367 1042 1441 valde
1059 1336 1126 1444 ab·

122 1483 255 1558 similia
275 1473 457 1555 induratis
476 1485 684 1581 pancreati's
700 1441 897 1588 glandulis.
924 1485 1124 1558 Ventricu-

121 1603 180 1672 lus
213 1627 385 1723 effiguus,
410 1617 587 1699 totusque
614 1615 838 1708 contractus.
856 1604 1002 1688 Renes,
1021 1601 1128 1699 quod

121 1718 170 1789 ad
192 1743 323 1790 eorum
342 1719 592 1804 substantiam
616 1695 772 1824 attinet,
789 1721 880 1805 suni
905 1717 1126 1812 Seddester

121 1810 301 1908 niinimos
326 1839 427 1908 varia
453 1833 571 1908 forma
601 1821 764 1938 calculos
795 1837 898 1910 intus
927 1833 1122 1908 habebat:

121 1979 287 2064 quorum
318 1955 357 2024 in
388 1955 538 2026 sinistro
568 1954 704 2026 nullus.
735 1911 946 2056 Ureterum
965 1947 1126 2052 uterque

122 2073 270 2142 urinam
290 2070 526 2174 ιοιιιίιιιιιιιιι,
547 2072 697 2176 sinister.
713 2073 953 2173 pauciorem
976 2087 1014 2144 at
1037 2071 1126 2144 dex-

122 2205 197 2278 tor,
222 2189 269 2260 ad
297 2189 444 2260 minimi
480 2171 586 2288 digiti
618 2189 903 2286 crassitudinem
934 2189 1124 2284 dilatatus,

122 2322 203 2378 erat
221 2290 323 2379 totus
344 2308 462 2378 urinae
483 2306 627 2405 plenus.
653 2282 826 2408 Denique
851 2307 1044 2400 sordidum
1069 2306 1127 2379 ul·

122 2449 208 2514 eus,
236 2440 273 2497 et
301 2404 456 2506 fetidum
483 2426 627 2494 eratin
655 2423 754 2494 eollo
785 2425 902 2512 uteri,
927 2429 966 2494 in
987 2425 1127 2500 catenis

122 2531 294 2642 partibus
315 2541 527 2629 secundum
545 2523 728 2638 naturam
734 2566 771 2636 se
793 2540 977 2618 habentis.

113 2647 118 2656 ⁴
172 2675 205 2760 9.
228 2663 310 2734 Siue
328 2660 438 2736 uleus
452 2626 835 2760 profluviisanguinis
850 2660 1005 2742 aoriolls
1021 2655 1129 2731 effen·

124 2794 211 2866 tus,
231 2781 308 2864 sive
325 2779 442 2882 exesis
454 2778 569 2880 paulo
582 2776 914 2878 majoribusvasis,
933 2777 1050 2875 ipsius
1067 2778 1129 2856 uel

115 2881 172 2992 'ab
191 2896 298 2967 initio
318 2920 428 2968 causa
443 2893 880 2994 f11it39uaoadulcus',et
898 2893 1128 2993 profluvium

124 3029 256 3114 postea
283 3029 520 3087 aceesserunt
543 3012 655 3098 mala,
683 3011 762 3104 'non
788 3009 941 3094 ⁴difficile
968 3025 1128 3110 possunt

125 3131 306 3230 intelligi,
324 3131 451 3201 nervis
472 3127 522 3201 ob
539 3131 675 3205 ulceris
698 3129 824 3216 sedem
844 3130 882 3205 in
901 3153 1128 3202 consensum

130 3250 277 3352 tractis,
293 3263 329 3318 et
340 3251 520 3359 sanguine
536 3246 586 3320 ob
596 3246 1129 3347 ingentem·ip‚si,us‚crebramr

117 3392 202 3466 ‚quo
211 3366 394 3471 jacturam
410 3366 505 3440 male
520 3381 709 3462 reparato,
725 3365 893 3462 ideoque
906 3361 1034 3436 seroso
1047 3362 1129 3442 red-

128 3483 219 3554 dito.
247 3466 340 3556 Inde
368 3483 469 3554 enim
498 3481 668 3568 dolores,
700 3482 890 3579 hystericae
916 3484 1130 3556 convulsio-

127 3624 215 3687 nes‚
230 3615 267 3671 et
287 3601 450 3675 vomitus
466 3625 475 3688 ;
491 3597 583 3672 binc
600 3624 712 3689 vero,
738 3614 803 3671 aut
818 3601 946 3698 potius
967 3616 1130 3700 utraque

129 3744 175 3789 ex
195 3743 305 3788 causa
324 3718 478 3806 ascites,
508 3717 603 3788 vasis
631 3716 805 3789 videlicet
836 3742 857 3788 a
885 3718 1129 3790 convulsione

130 3835 266 3932 saepius
278 3834 506 3922 constlictis,
524 3847 560 3904 et
577 3835 763 3934 sanguine*
775 3831 918 3907 'tardius
931 3846 1131 3935 propterea
1225 3847 1228 3854 ⁴

129 3976 199 4052 per
213 3952 295 4051 ipsa
304 3951 552 4042 circumacto,
572 3965 609 4024 et
629 3976 713 4026 sero
733 3975 811 4051 quo
830 3945 1065 4042 abundabat,
1083 3950 1133 4024 fa-
