2740 4670
303 449 395 550 370¹
460 473 510 522 mr
535 471 681 521 sununs
705 471 749 520 m
774 469 899 520 causas
924 469 1134 532 massonum

302 587 496 660 sacculum
510 583 622 657 fuisse
632 577 786 682 Scripsi,
804 583 961 682 propius
978 583 1159 680 quidem,
1180 581 1299 656 sedra-

301 729 388 776 men
407 719 509 774 extra
524 703 716 799 vaginam,
734 701 855 798 qualis
876 725 1084 798 w‹sarcumqne
1103 716 1181 788 est,
1202 721 1301 797 sper·

298 824 522 894 nraticorum
548 843 735 890 vasorum.
761 819 821 890 sic
838 822 924 890 XXI
946 820 1000 915 (r)
1028 819 1246 900 saeculum,
1269 829 1301 886 et

298 939 404 1008 initio
425 953 461 1008 et
478 933 676 1034 prdgressu
691 935 739 1008 od
758 936 951 1008 internum
969 933 1079 1008 fnisse
1092 961 1231 1008 eorum
1244 957 1298 1002 va-

297 1077 425 1125 sorum
458 1035 574 1140 latias,
597 1053 698 1124 inter
718 1051 975 1125 membranam
1001 1052 1079 1124 haec
1105 1051 1299 1124 obducen-

132 1243 139 1256 ,
270 1171 271 1178 ’
294 1185 395 1256 tem,
412 1181 449 1240 εἰ
465 1170 568 1273 illam
585 1171 748 1241 tunicam
768 1192 851 1266 quae
863 1195 948 1244 curn
959 1170 1134 1242 musculo
1149 1191 1301 1242 cremas·

295 1305 375 1360 tere
391 1289 577 1384 adimitur.
599 1287 657 1358 Sic
668 1291 822 1359 XXXIV
834 1286 889 1384 (a)
904 1287 975 1362 sub
989 1287 1059 1360 hao
1070 1288 1153 1385 ipsa
1164 1287 1297 1372 tunica,

171 1395 175 1404 ¹
293 1406 341 1478 ab
357 1407 569 1504 eodemque
596 1405 749 1476 interno
776 1431 951 1478 vasorum
976 1406 1090 1480 latere
1112 1403 1296 1480 sacculum

294 1523 530 1596 descendisse
543 1549 550 1592 :
562 1538 600 1594 et
617 1547 737 1622 prope
754 1522 869 1619 hujus
879 1521 1067 1609 orificium
1077 1523 1141 1594 illa
1155 1522 1295 1605 adiisse,

290 1667 371 1714 non
389 1641 532 1712 ventris
546 1665 700 1728 cavum,
718 1640 782 1712 sed
800 1642 1046 1737 peritonaeum
1062 1667 1071 1709 ε
1087 1641 1127 1712 in
1146 1639 1225 1712 alio
1236 1661 1295 1712 au·

288 1774 366 1831 -tem
386 1759 441 1856 (3)
460 1756 573 1830 fnisse
597 1781 717 1855 prope
741 1772 938 1830 externum
958 1758 1054 1832 latus
1075 1781 1213 1855 eorum
1237 1779 1292 1824 va·

286 1901 429 1950 sorum.
440 1879 538 1946 Sunt
553 1874 706 1972 quidem
720 1875 819 1946 inter
831 1899 915 1948 mea
931 1875 1169 1962 stadiorum,
1188 1889 1292 1970 atque

287 1995 383 2064 adeo
402 1995 519 2090 ip‘sius
535 1991 713 2064 Valsalvae
737 1991 933 2066 observaoa
952 1992 1137 2064 nonnulla
1168 1985 1308 2065 discri?

288 2113 399 2182 mina.
418 2115 502 2206 Ipse
524 2110 624 2180 enim
641 2109 852 2197 sacculum,
873 2126 915 2182 ut
936 2109 1077 2186 dictum
1101 2125 1182 2196 est,
1204 2108 1290 2178 vasis

287 2226 569 2298 incumbentem
596 2226 708 2314 vidit,
732 2229 770 2296 in
798 2226 975 2300 cadavere
1002 2251 1022 2298 a
1046 2242 1159 2326 'parte
1187 2249 1286 2322 supe-

286 2346 407 2430 riore,
434 2343 470 2414 id
495 2358 553 2414 est
577 2345 615 2414 in
630 2343 796 2416 'homine
814 2359 934 2418 stante
950 2345 1163 2430 anteriore,
1188 2339 1284 2441 quod

272 2461 357 2532 ¹viri
373 2461 526 2558 quidam
547 2459 788 2534 eruditissimi
796 2477 984 2558 perpetuo
1001 2460 1198 2534 observari
1211 2460 1285 2534 scri·

283 2575 391 2650 bunt.
407 2576 500 2648 Mihi
520 2601 643 2648 veroa
662 2563 776 2649 lotam
791 2577 907 2654 modo
923 2579 1091 2666 interno,
1105 2601 1283 2652 nonnun-

281 2723 397 2797 quam
412 2711 567 2771 externo
578 2700 743 2770 occurrit
756 2723 887 2771 norum
902 2723 1086 2772 vasorum.
1100 2704 1165 2774 Est
1176 2701 1281 2774 etiam

282 2818 351 2914 qui
369 2817 524 2904 viderit,
545 2817 693 2888 sirecte
713 2816 1020 2915 intelligo‚.inter
1037 2818 1231 2894 sacculum
1254 2830 1285 2890 et

280 2959 367 3005 vasa
387 2919 648 3007 cremasterem
667 2933 880 3006 musculum
902 2935 1144 3030 interjectum
1157 2963 1165 3004 :
1179 2932 1279 3036 quod

281 3050 402 3122 mulao
421 3053 542 3122 rarius
562 3065 674 3148 puto,;
692 3065 791 3122 certe
813 3051 938 3137 aliter,
957 3067 1000 3126 ¹ut
1015 3053 1117 3140 dixi,
1146 3051 1277 3128 inveni.

278 3172 421 3240 Verum
451 3167 531 3238 haeo
558 3167 774 3240 discrimina
790 3176 842 3238 'ut
869 3166 1058 3266 chirurgis
1083 3170 1182 3244 seim
1207 3191 1279 3244 nou

279 3301 367 3356 sunt
379 3285 524 3356 inutilia
537 3339 546 3371 ,
561 3285 612 3355 ita
628 3309 707 3354 non
719 3281 858 3358 faciunt
870 3291 942 3372 ,ne
959 3310 1028 3385 ego
1042 3311 1130 3361 cnm
1145 3286 1279 3362 Valsal·

276 3389 340 3487 va,
358 3417 518 3498 uterque
539 3417 766 3474 autumnum
787 3401 1088 3500 diligentioribus
1106 3404 1278 3480 observa-

277 3518 421 3591 toribus
435 3521 474 3588 in
490 3543 535 3589 eo
550 3521 654 3617 quod
667 3521 898 3619 praecipuum
915 3537 984 3614 est,
1000 3524 1277 3605 conveniamus
