2814 4674
272 474 316 520 20
442 473 486 516 DE
513 467 659 516 sumnus
686 469 728 514 ET
757 466 881 516 CAUSIS
907 470 1117 518 MORBORUM

322 611 373 656 ια.
401 583 550 682 Femina
572 579 817 678 quadraginta
844 607 963 654 annos
990 598 1092 670 nata,
1114 583 1203 655 olim
1230 611 1275 660 ex

260 685 466 772 'abortione
485 697 595 768 foetus
608 694 723 768 ferme
738 699 1079 794 quinquemestriS,
1097 700 1273 776 duritiem

260 807 468 914 'quamdam
483 816 581 886 circa
598 830 747 908 uterum
762 817 875 912 coepit
885 815 1194 907 animadvertere,
1205 818 1275 890 ibi·

269 937 432 1030 demque
445 945 637 1030 pungente
653 931 807 1022 doiore,
826 933 900 1002 levi
916 932 1093 1029 quidem,
1109 935 1174 1007 sed
1189 939 1274 1008 assi-

196 1143 198 1150 *
256 1050 364 1138 ¹dno,
390 1050 534 1119 tentari.
562 1048 770 1144 Aliquoties
798 1045 1031 1120 febricitavit.
1058 1054 1199 1121 Tumor
1216 1055 1274 1122 in·

272 1183 373 1238 terea
395 1168 577 1253 excrevit,
599 1166 651 1236 sic
675 1179 801 1260 tamen
820 1180 863 1236 ut
877 1180 971 1238 esset
989 1166 1161 1266 niobiiis3
1186 1191 1274 1238 nam

267 1283 382 1355 modo
401 1284 440 1352 in
464 1282 607 1369 medio,
636 1281 752 1382 morio
778 1281 824 1352 ad
844 1281 958 1374 latera
981 1285 1270 1382 percipiebatur.

268 1401 430 1472 Multum
449 1400 567 1496 capite
588 1397 762 1475 dolebat:
782 1423 866 1482 cum
893 1398 1021 1470 labore
1041 1401 1166 1472 alvum
1185 1427 1273 1474 exo-

268 1516 442 1589 nerabat:
461 1517 625 1587 vomitus
639 1514 829 1586 interdum
847 1516 1140 1590 molestuserat:
1161 1519 1275 1590 dolor

269 1650 392 1706 autem
421 1637 459 1704 in
489 1649 638 1704 tumore
667 1632 761 1704 adeo
792 1633 995 1730 aliquando
1014 1635 1272 1725 excruciabat,

268 1753 469 1850 praesertim
482 1777 567 1822 cum
577 1750 624 1820 ab
636 1752 750 1819 animi
760 1751 1041 1845 {egritudinibus
1055 1753 1275 1851 angebatur,

267 1885 310 1939 ut
324 1869 515 1940 ardentem
527 1865 669 1968 febrem
684 1865 925 1956 accenderet,
940 1864 1176 1965 ferriquevix
1188 1894 1273 1967 pos·

218 2075 221 2082 Ι
268 2002 332 2057 set.
352 1989 435 2056 Haec
453 2009 534 2081 quae
551 1982 649 2053 dicta
669 1997 774 2070 sunt,
792 1984 890 2077 intra
911 1984 1137 2074 decennium
1153 1990 1272 2066 conti,-

270 2127 378 2200 gere:
401 2125 478 2197 quo
497 2115 667 2200 ternpore
683 2122 879 2196 nunquam
896 2104 1080 2199 concepit.
1097 2107 1271 2202 Denique
1350 2163 1353 2172 .

270 2219 454 2290 immobili
473 2215 570 2288 facto
591 2231 759 2302 tumore,
780 2231 817 2288 et
837 2217 967 2290 dolore
997 2245 1039 2291 ac
1066 2218 1170 2292 febre
1187 2247 1273 2295 acu·

183 2413 186 2422 .
271 2336 366 2406 tiore
383 2332 638 2420 saevientibus,
659 2357 677 2402 e
693 2335 785 2404 vivis
799 2337 963 2428 excessit.

319 2458 459 2539 ¹Ventre
478 2450 678 2548 adapert0‚
698 2453 858 2522 tumoris
876 2454 1008 2550 ingens
1023 2455 1140 2526 moles
1155 2479 1175 2526 a
1193 2456 1275 2528 Vai-

270 2572 367 2644 salva
387 2584 578 2668 comperta
596 2582 669 2656 est,
685 2571 727 2638 iu
744 2569 960 2666 pregrande
976 2569 1140 2644 hominis
1155 2560 1273 2670 aequass

269 2706 326 2762 ret
343 2705 463 2785 caput.
484 2692 570 2760 Erat
593 2687 632 2754 in
657 2686 864 2782 posteriore
883 2688 981 2758 uteri
1008 2691 1167 2786 pariete,
1195 2707 1270 2764 rec·

268 2824 349 2878 tum
366 2807 584 2876 intestinum
594 2801 836 2874 vehementer
850 2822 1095 2900 premenS,et
1108 2810 1272 2881 circum-

267 2925 374 3022 jectis
384 2921 553 3020 partibus
567 2934 667 2991 arcte
678 2915 842 3017 alligate(
852 2925 1014 2994 Carnosa
1028 2927 1273 3016 exterius‚,eo·

270 3042 348 3112 lore
367 3040 543 3138 quidem,
572 3036 781 3124 videbatui·;
810 3039 873 3109 sed
901 3039 1106 3129 substantia
1126 3041 1272 3116 firmior

269 3173 364 3244 erat;
385 3157 558 3252 intraque
584 3153 682 3224 hanc
710 3154 878 3226 sinuosas
906 3179 1034 3230 caveas
1054 3161 1271 3236 continebat

270 3273 377 3360 duas,
396 3296 557 3368 quarum
581 3272 739 3372 parietes
757 3296 907 3345 carnem
927 3275 1115 3370 putridam
1137 3276 1284 3367 refere-v

269 3390 372 3464 bant.
395 3390 517 3460 Altera
534 3389 655 3472 inanis
674 3404 771 3475 erat3
793 3390 831 3458 in
845 3389 960 3460 altera
974 3414 1098 3466 serosa
1116 3397 1270 3468 materia
1341 3387 1343 3392 ⁸

269 3506 575 3580 concludebatur.
593 3505 816 3602 omniorum
833 3530 985 3604 quoque
998 3509 1123 3590 sedem
1139 3511 1202 3584 hic
1213 3528 1270 3583 tu.

268 3651 353 3696 mor
371 3607 590 3722 occupabat.
612 3627 742 3716 Itaque
761 3622 907 3692 nullum
925 3649 1055 3696 eorum
1073 3629 1268 3726 ¹vestigium

268 3744 463 3813 inventum
484 3757 553 3829 est,
572 3741 643 3810 nisi
669 3738 773 3834 quod
797 3738 843 3810 ad
869 3743 1027 3814 tumoris
1042 3742 1156 3815 latera
1172 3747 1268 3818 vesi-

269 3857 358 3930 culae
374 3883 456 3930 sero
471 3855 626 3955 turgidae
646 3872 852 3952 conspecto
868 3873 974 3945 sunt,
998 3883 1158 3955 quarum
1175 3887 1269 3933 non-

267 3976 379 4048 nuilae
402 3999 474 4046 ovo
488 3972 707 4046 columbino
729 3988 834 4045 erant
847 3999 963 4074 pares.
982 3975 1147 4050 Collecta
1159 4004 1204 4052 ex
1223 3980 1269 4052 iis
