2814 4674
169 479 257 528 mn.
278 477 334 527 111.
364 471 757 539 ornumornum,
781 473 893 523 misr.
920 475 1041 524 xxxix.
1120 453 1149 526 5*

145 595 300 667 tumoris
320 589 471 690 pondus
490 605 528 662 et
552 589 670 661 moles
690 613 770 677 non
796 585 975 686 chylifera
993 591 1147 683 solum,
1235 665 1238 670 ,

145 727 205 783 aut
225 705 435 806 sanguifera
454 731 558 794 vasa,
585 703 708 779 sedet
733 706 893 778 vesicam
916 721 952 796 et
969 708 1145 780 intestina

145 813 337 926 urgebant.
352 822 609 915 Quamobrem
627 825 714 895 cum
726 821 788 893 illa
801 823 973 908 extendi,
992 823 1071 897 haec
1084 851 1149 900 au-

145 960 218 1017 tem
231 942 339 1015 facile
353 940 500 1014 dilatari
510 966 589 1012 non
597 954 772 1038 possent3
786 939 921 1011 lotium
934 965 1147 1041 saepeaeger‚

145 1074 377 1134 recrementa
398 1073 521 1131 autem
539 1056 612 1128 alvi
629 1071 759 1128 caetera
773 1058 919 1154 magnis
932 1083 1016 1129 cum
1036 1084 1147 1132 cona-

145 1178 243 1276 tibus
258 1175 418 1250 reddere
434 1174 649 1274 cogebatur.
668 1175 840 1263 Quorum
856 1173 929 1246 hoc
942 1175 1100 1248 alterum
1111 1193 1150 1250 et

145 1296 193 1368 ob
211 1294 383 1368 eamdem
399 1291 553 1390 quidem
568 1315 738 1379 causam,
757 1293 797 1362 in
812 1290 885 1363 hoc
904 1291 1039 1364 morbo
1053 1278 1161 1393 saepe‘

144 1411 243 1503 fieri,
264 1411 469 1484 indicatum
483 1425 537 1481 est
551 1433 572 1480 a
587 1410 758 1482 Fernelio
775 1407 851 1506 (1);
869 1425 1151 1508 utrumqueau-
1218 1441 1223 1450 ·

143 1519 239 1618 tem,
260 1529 321 1602 vel
341 1543 441 1599 certe
453 1527 578 1598 alvum
597 1527 801 1626 pigriorem
812 1541 848 1600 et
858 1525 1049 1601 difficilem
1061 1531 1149 1602 mic-

143 1649 286 1720 tionem
303 1645 538 1718 observatae
564 1648 703 1732 Paraeo,
728 1643 978 1742 eumdemque
1001 1647 1047 1717 ad
1066 1673 1149 1720 mo-

145 1764 236 1836 dum
256 1763 439 1862 explicata
456 1760 601 1833 videbis
616 1762 654 1830 in
670 1785 717 1832 eo
734 1786 847 1858 quem
866 1763 980 1859 paulo
994 1738 1079 1836 ante
1095 1763 1150 1862 (α)

144 1881 529 1954 commemoravimus
564 1901 652 1964 casu
676 1931 685 1966 ,
725 1881 791 1977 qui
824 1880 863 1950 in
902 1881 1152 1977 Sepulchreto

145 2024 301 2096 quoque
320 1995 376 2096 (3)
392 1995 531 2068 relatus
545 2010 609 2068 est.
626 2001 670 2066 ln
687 2021 733 2068 eo
747 2019 835 2068 casu
853 1996 963 2068 dolor
972 1999 1081 2070 simul
1098 2000 1152 2069 in·
1244 2053 1246 2056 -

145 2117 313 2202 dicatur,
347 2116 432 2212 qui,
457 2129 500 2186 ut
527 2115 567 2185 in
593 2129 749 2204 nostru,
776 2114 930 2186 dorsum
954 2115 1153 2188 lumbosve

144 2246 416 2332 praegravaret3
437 2231 535 2302 nosti
552 2245 700 2318 autem,
721 2256 814 2328 quas
838 2231 884 2304 ad
903 2231 1095 2306 vertebras
1113 2255 1159 2304 se*
1231 2228 1237 2238 ’

147 2349 276 2448 alliget
292 2349 573 2421 mesenterium.
593 2349 667 2439 Qui
692 2347 801 2418 dolor
822 2365 859 2420 et
880 2347 1042 2422 difficilis
1060 2354 1154 2425 mic-

146 2453 232 2554 tio,
257 2468 298 2538 in
318 2465 488 2564 proxima
509 2465 648 2562 pariter
663 2465 842 2538 Valsalvae
860 2465 1043 2559 historia,
1074 2495 1154 2543 non

144 2583 360 2658 defuerunt.

198 2703 231 2776 5.
261 2703 399 2774 Mulier
417 2725 538 2774 annos
556 2717 641 2773 nata
670 2701 716 2772 ad
746 2704 961 2802 sexaginta,
979 2729 1000 2775 a
1026 2705 1158 2780 multis

143 2823 223 2918 jam
243 2817 437 2892 mensibus
457 2818 504 2890 de
522 2834 672 2890 tumore
695 2820 859 2915 quodam
883 2822 922 2892 in
949 2820 1157 2893 umbilicali
1254 2865 1258 2874 ·

147 2940 305 3037 regione
320 2951 541 3034 conquesta,
554 2935 681 3006 vexari
689 2933 823 3008 dolore
836 2939 951 3036 coepit
964 2940 1156 3038 gravativo

151 3055 198 3126 ad
220 3054 376 3126 dorsum
395 3067 590 3152 vergente,
621 3057 682 3128 cui
703 3077 830 3136 comes
859 3071 938 3127 erat
965 3056 1159 3129 interdum

151 3171 346 3270 mingendi
367 3168 577 3244 difficultas.
602 3175 645 3242 ln
665 3172 745 3244 dies
772 3172 1006 3272 augebantur
1031 3189 1069 3248 et
1097 3189 1159 3248 tu-

153 3314 250 3376 mor,
266 3291 343 3385 jam
360 3303 522 3385 quantus
540 3290 638 3360 uteri
655 3289 695 3360 in
709 3305 923 3389 pregnante
937 3316 1015 3364 esse
1025 3307 1166 3390 potest,

157 3423 194 3481 et
210 3430 450 3503 consequens
461 3431 506 3476 ex
523 3408 684 3479 tumoris
694 3409 929 3480 incremento
949 3409 1159 3508 descriptus

155 3523 282 3611 dolor,
304 3512 509 3622 presertim
530 3548 618 3596 cum
633 3549 672 3596 se
688 3526 824 3598 mulier
849 3524 992 3599 cubans
1016 3552 1062 3599 ex
1079 3553 1159 3598 uno

162 3697 1159 3727 -f—-ffl-i-——u—-n——n———ffl

197 3782 373 3902 (qipathd.
388 3825 408 3880 l.
423 3823 458 3895 6,
477 3843 503 3882 c.
519 3843 549 3896 7.

198 3921 238 4003 (ω)
258 3926 295 3982 N.
319 3927 347 3982 3.
419 3943 422 3952 ·

204 4022 247 4104 (3)
266 4027 342 4084 Sect.
358 4025 414 4081 hac
429 4041 484 4096 αι,
498 4023 565 4082 obs.
577 4023 628 4081 38..
