2726 4676
323 459 391 544 242
489 477 534 524 un
560 473 706 540 supinus
730 475 773 566 nr
798 473 922 522 crusis
947 475 1155 530 uonsonuu

247 592 252 600 '
321 592 391 668 atri
408 587 578 661 ostendit.
599 591 680 659 Ren
697 587 866 674 sinister,
887 602 964 663 tota
981 585 1096 670 ferme
1111 591 1307 668 substantia

320 709 421 784 intus
433 718 675 800 consumpta,
703 704 861 775 maxime
883 702 1076 796 Humidus,
1096 708 1307 805 inaequalem

321 823 505 898 calculum
538 817 776 906 continebat,
802 833 840 892 ct
862 821 1007 894 urinam
1042 825 1192 920 qualem
1223 853 1307 924 aeger

320 939 519 1037 mingebat.
543 942 633 1028 Quae
648 951 685 1006 et
699 934 852 1008 dextero
869 937 1008 1014 iuerat:
1030 942 1135 1036 cujus
1152 945 1305 1016 exterior

321 1057 431 1140 facies
454 1057 506 1128 in'
528 1069 583 1126 tot
610 1054 717 1149 quasi
744 1052 935 1150 globulos,
966 1057 1118 1154 imparis
1155 1062 1253 1133 inter
1273 1085 1305 1132 se

312 1171 614 1272 magnitudinis,
632 1168 749 1240 divisa
765 1169 988 1268 assurgebat.
1008 1175 1139 1250 Vesica
1158 1191 1233 1250 tres
1249 1177 1305 1248 ha.

318 1289 401 1378 buit
418 1289 558 1386 lapides
571 1311 696 1386 neque
715 1309 891 1382 magnos,
909 1313 1034 1386 nequo
1050 1315 1213 1389 asperos.
1227 1296 1304 1391 Ejus

318 1408 478 1484 interior
493 1404 710 1503 superficies
729 1427 773 1476 ex
788 1408 1006 1487 tenuissimo
1023 1411 1127 1505 quasi
1146 1425 1304 1486 tomento

320 1524 401 1600 fieri
416 1523 628 1610 videbatur,
648 1520 959 1618 excrescebatque
986 1523 1032 1604 ad
1050 1528 1206 1602 cervicis
1222 1529 1304 1600 latus

319 1641 359 1720 iu
376 1638 793 1723 durumtuberculum,
810 1634 893 1717 faba
918 1665 996 1720 nou
1018 1643 1162 1738 maim,
1188 1646 1304 1720 vesieae

320 1759 422 1831 intus
448 1773 624 1851 extraque
652 1753 841 1824 concolor.
881 1759 1053 1854 Denique
1083 1761 1122 1835 iu
1152 1775 1303 1858 prostati

320 1875 494 1974 glandula
508 1875 611 1944 sinus
628 1885 724 1954 erat,
744 1895 821 1967 quo
837 1876 965 1992 taturi
988 1877 1115 1956 similis
1139 1861 1302 1965 materb,
1353 1957 1354 1960 Ἴ

320 2007 356 2064 et
366 1973 482 2064 seroie
498 1993 573 2085 jam
587 1986 772 2064 calculosa
789 1989 1062 2071 continebatur.
1353 2045 1354 2080 t

374 2102 927 2204 14.UrinaedifficultatiS‚qua
957 2108 1004 2188 de
1035 2111 1180 2207 agimus
1213 2112 1301 2188 hisce

321 2226 466 2312 litteris,
494 2247 621 2296 causas
646 2225 685 2297 in
713 2222 786 2295 h'oc
807 2247 904 2321 oegro
928 2242 1092 2322 prostata
1121 2229 1301 2330 glandula,
1353 2269 1354 2293 t

307 2343 462 2429 ¹uesica,
485 2355 520 2413 et
531 2365 638 2412 renes
649 2339 802 2437 quidem
824 2339 1035 2431 habebaut3
1056 2343 1121 2419 sod
1139 2346 1302 2426 dolorum

323 2459 665 2546 acerbissimorum,
682 2455 821 2554 quibus
828 2458 922 2531 adeo
938 2444 1193 2552 conflictatus,
1212 2463 1303 2536 etde·

322 2577 437 2672 nique
456 2590 672 2673 peremptus
692 2582 766 2663 est,
790 2575 877 2660 soli,
908 2591 1092 2672 quantum
1114 2604 1184 2677 ego
1210 2581 1302 2658 iutel-

324 2693 418 2790 lig0‚
431 2717 537 2774 renes
557 2691 782 2775 habueruut.
800 2694 929 2788 Neque
945 2695 1045 2772 cuim
1067 2695 1219 2790 dolores
1233 2697 1303 2771 ilios

324 2810 371 2894 ab
384 2808 521 2898 infimis
535 2809 675 2878 ventris
697 2806 866 2904 partibus
886 2811 1062 2890 excitatos
1085 2837 1167 2891 esse
1191 2814 1303 2890 verisi-

325 2929 412 3008 mile
437 2942 508 3013 est,
533 2927 737 3022 praesertim
757 2950 841 2998 cum
863 2951 996 3024 magna
1020 2929 1107 3008 vitia
1131 2933 1301 3008 esseutin
1352 2949 1353 3012 t

324 3041 495 3130 renibus,
513 3041 739 3138 quibuscum
759 3044 899 3126 nemini
913 3069 991 3116 esse
1011 3061 1134 3143 potest
1146 3049 1301 3146 ignotum

326 3175 507 3259 quantum
525 3155 753 3242 ventriculus
771 3163 993 3250 consentiat,
1006 3167 1111 3260 cujus
1124 3191 1213 3270 pars
1227 3166 1303 3246 dex·
1352 3153 1353 3209 ¹

325 3293 404 3350 tera
433 3275 643 3347 scrobiculo
661 3275 784 3348 cordis
810 3279 1022 3376 respondet.
1054 3283 1097 3360 Ei
1117 3284 1303 3360 consensui

325 3407 518 3490 acceptum
540 3390 780 3470 referendum
802 3409 857 3468 cst
883 3397 987 3492 quod
1009 3400 1233 3480 vomitiones
1255 3425 1304 3474 so·

325 3513 440 3600 leant,
454 3535 540 3582 cum
552 3535 685 3583 renum
701 3511 798 3584 vitiis
814 3513 993 3611 conjungi
1012 3541 1018 3584 :
1041 3515 1165 3614 itaque
1187 3544 1231 3592 ox
1245 3517 1304 3592 iltis

326 3627 403 3700 haec
421 3629 460 3700 in
484 3627 714 3724 perobscuro
735 3627 898 3725 quodam
918 3647 1007 3712 casu
1030 3632 1083 3730 (1)
1105 3659 1177 3710 nos
1199 3634 1303 3732 suspi-

365 4011 408 4087 (ι)
428 4008 521 4084 Epist.
540 4007 592 4076 30,
610 4025 639 4062 n.
655 4023 702 4064 22.
