2746 4674
165 469 228 516 nn.
255 468 310 514 111.
339 465 881 533 nsuoamsvnnrms,ar1sr.
909 473 966 517 xn.
999 449 1065 521 105

75 597 318 683 protantemet
330 582 580 652 illustrantem
589 581 1066 680 Hallerum(1).Videetiam

73 701 182 774 Littrii
200 699 252 797 (a)
267 699 570 772 observationem
590 700 629 770 in
647 723 790 796 puero,
818 703 879 772 cui
904 701 954 773 ob
979 701 1066 798 pbi-

74 820 198 888 mosim
210 837 299 908 cnm
313 819 375 888 vix
390 819 561 914 guttatim
578 816 783 890 destillaret
792 806 922 908 urina',
942 844 1065 917 eoque

75 937 159 1007 inter
178 935 353 1033 glandem
371 950 408 1006 et
425 937 649 1033 praeputium
673 938 877 1022 restitaret,
906 936 1067 1008 incredi-

74 1050 177 1124 bilem
200 1053 254 1124 ibi
274 1067 464 1128 creaverat
480 1052 696 1150 lapillorum
718 1079 941 1143 numerum,
969 1077 1067 1152 quo-

74 1195 166 1260 rum,
187 1171 336 1245 sublata
361 1171 547 1268 phimosi,
570 1173 695 1245 nullus
719 1156 879 1271 amplius
904 1172 1067 1271 produc·

74 1299 124 1358 tus
135 1303 197 1359 est.

113 1409 299 1479 Concreto
316 1421 440 1478 autem
449 1407 527 1502 jam
540 1408 580 1479 in
600 1407 756 1480 renibus
770 1407 932 1491 calculO,
957 1409 1066 1480 sicuti

76 1521 163 1594 band
180 1549 271 1598 raro
288 1523 378 1596 inde
402 1523 638 1596 obstaculum
662 1523 704 1596 fit
727 1525 838 1626 lotio,
863 1527 1066 1624 minusque

74 1657 264 1738 propterea
285 1665 411 1717 serum
429 1642 562 1712 inutile
586 1643 808 1741 esanguine
833 1643 1067 1733 eliminatur,

75 1757 114 1828 ita
124 1759 193 1830 boc
207 1758 427 1831 redundare
445 1761 485 1830 in
502 1748 700 1831 cerebrum
718 1775 864 1857 potest;
880 1761 1066 1832 autetiam

75 1877 237 1973 asperitas
261 1876 395 1950 calculi
415 1901 523 1948 renes
537 1877 727 1976 interdum
748 1875 1008 1950 vehementius
1022 1879 1068 1948 ir·

75 1994 230 2078 citando,
254 1994 521 2094 contulsiones
539 2009 620 2068 toto
638 2021 802 2094 corpore
815 1997 934 2084 ciere,
952 2010 1066 2093 atque

77 2109 145 2183 ideo
161 2114 264 2184 intra
279 2113 449 2186 cranium
465 2137 630 2210 quoque.
647 2117 738 2185 Utra
754 2115 929 2186 malueris
953 2115 1068 2184 ratio-w

75 2249 113 2298 ne
140 2229 381 2302 convulsivos
405 2243 531 2305 motus
558 2231 596 2302 in
627 2229 823 2329 proposito
852 2230 1065 2318 sacerdote,

75 2361 300 2446 mortemque
321 2349 439 2444 ipsam
461 2348 665 2446 explicare,
682 2348 880 2421 arbitrium
894 2366 1001 2436 tuum
1016 2347 1067 2420 fa·

76 2463 146 2536 cio:
173 2489 399 2563 quanquam
423 2464 625 2538 secundam
647 2467 896 2567 comprobare
918 2467 1068 2540 videtur

12 2607 13 2610 ¹
74 2582 188 2669 mistus
199 2581 488 2678 mucilaginosa
502 2585 684 2672 materia,
699 2586 759 2656 oui
772 2586 904 2657 miotni
912 2586 974 2656 illa
987 2610 1068 2658 suc-

77 2717 272 2774 cesserunt„
287 2699 436 2776 Scilicet
452 2700 482 2772 is
502 2701 796 2799 mucilaginosus
813 2702 970 2790 humor,
988 2727 1065 2798 quo

77 2831 111 2886 ut
123 2821 236 2892 aesica
258 2831 298 2890 et
315 2831 482 2890 aroteres
493 2819 546 2890 sic
564 2819 696 2916 etiam,
714 2821 856 2917 quippe
874 2844 918 2890 ex
935 2818 1065 2890 eadem

78 2937 279 3010 continuata
298 2935 425 3010 tunica
441 2933 547 3023 facti,
562 2935 699 3033 pelvis,
717 2951 753 3008 et
771 2937 818 3006 ad
837 2937 935 3008 hane
953 2938 1069 3035 perti-

79 3068 193 3126 nentes
212 3052 341 3128 tubuli
360 3053 427 3149 qui
447 3053 640 3150 excipiunt
658 3078 792 3126 renum
817 3055 991 3151 papillas,
1011 3057 1068 3126 in-

80 3180 127 3240 tus
149 3170 389 3244 obliniuntur
413 3172 591 3244 adversus
617 3173 734 3244 urinae
757 3173 1021 3261 acrimoniam,
1037 3176 1068 3248 is

79 3283 178 3379 igitur
195 3287 340 3362 humor
361 3300 492 3364 auctus
512 3303 548 3362 et
569 3289 728 3360 crassior
749 3287 867 3361 factus
892 3315 913 3360 a
934 3289 1067 3361 calculi

79 3399 297 3491 irritatione,
316 3404 432 3500 hujus
452 3405 527 3480 vim
546 3407 683 3480 minuit
706 3407 829 3479 donec
845 3407 990 3479 calculo
1009 3400 1069 3478 iri-
1120 3482 1122 3487 ,

79 3511 195 3594 haret:
214 3523 393 3618 interque
413 3522 493 3617 ejus
505 3545 653 3628 asperas
671 3521 782 3598 facies
798 3541 835 3597 et
852 3527 953 3597 illam
970 3529 1067 3596 tuni·

81 3699 542 3720 'um—*-

109 3817 147 3895 (ι)
166 3825 233 3879 Not.
247 3845 263 3879 c
275 3823 313 3881 ad
323 3797 470 3900 prinlum,
487 3835 515 3880 et
527 3827 550 3878 d
562 3825 601 3880 ad
613 3825 737 3881 alterum
750 3827 799 3882 cit.
813 3823 920 3881 Boerb.
936 3817 1044 3882 locuni.

109 3915 148 3995 (a)
164 3921 294 3981 Histoire
306 3925 342 3982 de
353 3923 531 3981 l’Academie
548 3925 649 4008 royale
666 3925 717 3984 des
735 3926 887 3999 Sciences,
907 3944 955 3984 an.
973 3927 1067 4004 1706,

80 4013 131 4076 obs.
142 4033 215 4082 anat.
232 4024 262 4085 6.
