2746 4674
169 463 232 508 nm.
255 451 316 508 tn.
344 449 390 506 on
415 443 552 508 monor-s
575 449 744 526 tremis,
770 451 880 510 ttmsr.
907 461 979 510 nm.
1023 443 1089 541 196

98 589 181 647 rnen
194 573 378 671 ejusmodi
397 571 502 644 iacile
523 575 563 643 in
581 595 651 670 pus
664 573 767 646 abire
784 593 956 674 possunt,
975 583 1092 654 viam»
1228 633 1233 649 .

95 715 165 791 que
180 691 333 765 liberam
348 691 516 763 reddere.
534 695 579 762 At
596 684 806 766 sbirrbosos
828 710 1011 786 tumores,
1027 715 1091 772 ant

95 809 139 882 td
164 807 303 882 skirrbi
337 809 511 880 duritiem
533 825 747 907 vergenteS,
770 812 900 908 qttales
930 837 1024 912 saepe
1049 809 1091 888 iit

92 943 251 1026 prostata
265 925 441 1025 glandula
452 921 533 996 lieri
543 939 606 998 ant
617 948 660 996 ex
673 951 716 998 ea
725 952 940 1004 excrescere
955 933 1090 1024 solent,

96 1047 175 1142 quis
193 1043 298 1115 facile
309 1043 356 1115 ab
370 1045 451 1140 ipsa
470 1055 619 1130 natura,
636 1044 775 1116 nedum
792 1045 838 1118 ab
854 1063 951 1134 arte,
965 1065 1093 1148 speret

96 1143 285 1234 subtatum‘
297 1161 343 1232 iri
354 1161 369 1231 i
380 1161 502 1232 Talem
519 1185 608 1232 vero
623 1159 734 1234 luisse
755 1163 869 1234 oredo
896 1165 996 1254 illam
1010 1169 1092 1264 ejus

97 1277 272 1376 glandulae
285 1279 596 1366 excrescentium,
617 1302 699 1376 quse
712 1282 945 1380 supra(t)ex
958 1284 1094 1356 Valsal'·

96 1417 143 1466 vae
159 1395 419 1468 observatione
433 1393 618 1510 descripta
635 1412 699 1468 est.
720 1397 816 1470 Talis
833 1415 933 1473 certe
948 1399 1016 1473 fuit.
1032 1419 1091 1475 tu-

96 1535 173 1583 mor
203 1513 385 1586 unirersae
416 1527 588 1611 prostatae
622 1514 664 1584 in
694 1513 768 1585 bac
800 1513 883 1613 qd'ae
920 1521 1092 1617 sequitur

96 1641 226 1701 nosue.

143 1747 192 1820 13.
211 1748 310 1820 Civis
332 1765 463 1833 meus,
485 1745 543 1814 vir
557 1747 740 1844 patricius
757 1751 800 1817 ll.
820 1751 869 1818 M.
886 1771 1006 1822 annos
1023 1777 1090 1824 na-

95 1878 148 1938 tus
172 1849 334 1962 amplius
358 1865 561 1962 sexaginta,
586 1862 769 1960 quadrato
791 1889 951 1964 corpore
971 1884 1007 1940 et
1026 1891 1090 1940 ro-

45 1973 48 1985 ’
96 1977 197 2056 busto
207 2039 217 2071 ‚
229 1979 322 2054 facie
335 1981 515 2069 rubente,
531 1975 660 2052 habitu
674 1981 720 2052 ad
736 1981 892 2056 obesum
907 1987 1090 2060 inclinau-

97 2105 144 2187 te,
163 2095 386 2184 herniosus,
411 2097 629 2170 adolescens
651 2099 836 2172 virulenta
862 2102 1090 2198 gonorrboea

94 2215 337 2304 laboraverat,
363 2238 510 2314 semper
533 2241 623 2288 vero
650 2211 831 2304 multum,
853 2241 947 2317 saepe
973 2221 1089 2294 etiam

96 2356 230 2407 merum
248 2335 406 2408 biberat.
426 2337 521 2406 Cum
537 2335 696 2405 multum
713 2359 866 2434 quoque
886 2351 922 2409 et
942 2338 1089 2411 creber·

96 2451 177 2524 rime
196 2455 402 2552 mingeret,
426 2452 486 2522 vix
509 2475 610 2523 anno
636 2467 738 2542 ante,
752 2453 825 2524 levi
842 2455 1008 2552 quodam
1032 2481 1086 2528 rn-

96 2571 262 2643 tentionis
281 2572 399 2644 urinae
423 2571 611 2668 principio
631 2583 794 2642 tentatus
820 2569 949 2644 luerat.
976 2580 1086 2646 Anno

53 2696 55 2701 '
96 2702 203 2759 autem
229 2710 337 2786 1710,
354 2691 403 2758 lV
417 2711 535 2758 nonas
549 2689 687 2774 martii,
708 2689 813 2784 quasi
829 2705 985 2786 repente
1003 2715 1086 2760 om·

95 2805 174 2876 nino
195 2829 392 2904 suppressa
408 2821 472 2878 est.
497 2803 626 2876 Affinis
641 2805 720 2899 ejus
736 2805 903 2878 medi-cns
918 2807 1085 2903 clysteri-

94 2917 172 3011 bus,
190 2921 358 3009 balneiS,
375 2923 567 3021 sanguinis
578 2947 623 2992 ex
637 2921 980 2993 boemorrboidibus
998 2923 1083 2995 ntis·

96 3039 202 3128 sione3
217 3037 392 3111 remediis
402 3041 512 3110 etiam
526 3063 619 3136 qnae,
629 3053 720 3108 tune
730 3037 840 3109 simul
852 3038 1083 3124 adstrictam,

97 3154 206 3228 alvum
220 3173 434 3245 moverent,
452 3159 535 3228 auxi
543 3158 630 3226 lium
641 3154 774 3228 afferre
789 3157 1000 3254 satagebat·;
1016 3156 1085 3230 sed

97 3271 279 3347 ineassum.
320 3279 449 3372 Itaque
485 3275 638 3346 demum
675 3273 902 3346 catheterem
935 3275 1087 3348 immitti

96 3387 211 3482 jussit:
232 3391 337 3491 quod
360 3394 508 3464 nonita
528 3390 729 3463 difficulter
748 3405 785 3462 et
802 3405 880 3462 tum
902 3407 938 3463 et
956 3410 1087 3490 postea
1187 3391 1191 3404 ’

99 3525 274 3602 peractum
294 3525 359 3580 est.
377 3509 538 3609 Singulis
555 3526 680 3582 autem
696 3510 990 3582 immissionibus
1002 3533 1086 3607 sep·

99 3632 161 3696 tem
174 3625 248 3700 fere
263 3629 381 3699 urinae
394 3627 517 3716 librae,
531 3629 600 3700 etsi
613 3627 805 3698 modicum
815 3629 918 3730 quod
929 3641 1087 3726 potaret,

133 3989 167 4075 n)
186 3997 224 4058 u.
246 4000 275 4057 a
