2814 4674
250 429 297 518 36
417 465 463 512 nn
488 456 639 514 sturnos
658 455 702 506 nr
727 455 850 506 causis
875 449 1083 507 nonnonmt

252 604 317 680 gra
336 578 478 650 sanatio
494 574 817 658 demonstrarunt,
838 581 939 644 totus
952 571 992 642 in
1007 571 1150 644 tumida
1162 598 1253 670 qua*

252 697 361 782 dam,
380 709 418 765 et
435 716 529 791 pure
545 692 646 761 intus
655 689 730 785 jam
743 688 875 786 plena,
892 688 1064 788 glandula
1076 690 1250 788 jugulari.

247 814 314 884 'Sic
332 811 443 882 etiam
462 807 513 878 ob
529 806 779 905 pulsationem
806 830 888 902 quae
906 806 976 878 sub
997 803 1252 878 bronchocele

251 924 575 1030 persentiebatur,
592 923 807 1021 complures
825 947 911 994 eum
929 938 1115 996 tumorem
1136 931 1253 996 aneu·

252 1069 377 1145 rysma
397 1067 476 1116 esse
500 1041 822 1132 existimaverant,
844 1065 957 1139 quem
982 1043 1256 1140 Severinus(1)

255 1164 365 1238 sicuti
381 1160 430 1232 ob
455 1181 687 1258 compressas
706 1158 858 1229 arterias
878 1159 1061 1232 carotides
1082 1160 1258 1259 pulsare,

256 1279 490 1366 crediderat,
508 1278 558 1346 ita
578 1288 836 1373 postmortem
852 1263 1091 1366 dissecando,
1109 1279 1182 1367 ait,
1199 1301 1259 1348 ve·-

254 1423 336 1471 ram
356 1420 394 1468 se
410 1394 631 1491 opinionem
648 1413 753 1462 suam
778 1391 996 1466 ostendisse.
1015 1393 1127 1484 Quod
1146 1395 1177 1466 si
1197 1393 1257 1465 vel
1337 1383 1342 1394 ’

259 1514 422 1588 exterius
450 1535 528 1581 non
555 1507 659 1580 deest
682 1507 834 1579 errandi
858 1510 1090 1607 periculum;
1114 1525 1257 1610 quanto

257 1633 328 1706 erit
344 1631 460 1728 magis
475 1629 515 1698 in
535 1625 768 1725 iispartibns
796 1649 879 1722 quae
902 1627 974 1698 alte
995 1633 1094 1700 inter
1116 1631 1258 1701 viscera

259 1748 417 1822 conditae
434 1745 555 1818 sunt?
584 1743 700 1829 Vide,
729 1757 772 1813 ut
802 1745 1033 1843 ingenuitate
1059 1751 1278 1844 nunquam'

259 1847 347 1940 satis
374 1859 674 1936 commendanda
700 1859 744 1930 cl.
774 1860 845 1931 viri
870 1867 927 1935 lo.
954 1863 1047 1935 Phil.
1076 1868 1261 1962 Bnrggra·

260 1983 333 2054 lius
347 1981 404 2078 (a)
425 1995 462 2052 et
478 1984 608 2050 Petrus
623 1961 856 2050 Tabarranus
873 1979 928 2076 (3)
943 1983 1131 2054 memoriae
1149 1981 1262 2054 tradi-

194 2087 201 2112 '
261 2097 386 2206 derint
404 2121 487 2194 qnae
508 2097 598 2193 ipsis
620 2097 820 2192 contigere.
834 2145 837 2150 -
850 2097 915 2169 Ille
938 2100 1188 2199 pulsationem
1212 2097 1262 2170 ab

260 2214 439 2290 umbilico
454 2213 500 2284 ad
512 2212 642 2284 cordis
653 2236 779 2310 usque
800 2215 1056 2290 scrobiculum
1073 2219 1265 2316 pertinen-

263 2350 339 2408 tem
366 2348 403 2406 et
420 2347 583 2428 tantam,
612 2345 654 2402 ut
681 2355 775 2429 saepe
801 2332 848 2405 ab
875 2333 1106 2408 adstantibus
1128 2335 1264 2408 andire

263 2466 404 2551 posset,
421 2450 574 2546 triginta
601 2463 726 2518 antem
755 2464 792 2522 et
824 2433 986 2548 quatuor
1013 2454 1115 2552 ipsos
1144 2477 1265 2524 annos

262 2567 534 2668 perdurantem
559 2589 646 2637 cum
664 2565 816 2638 non-ab
834 2569 1001 2667 legitimo
1034 2575 1195 2660 arteriae,
1222 2571 1264 2641 in

263 2685 490 2758 mesenterio
519 2682 697 2779 insignis,
726 2701 986 2783 aneurysmate
1014 2689 1158 2787 quippe
1183 2687 1266 2786 ejus

263 2803 446 2876 diametro
467 2801 528 2870 vix
546 2799 660 2898 paulo
679 2798 924 2899 amplificata,
951 2804 1015 2877 sed
1034 2804 1081 2876 ab
1109 2806 1265 2904 spurio,

196 2945 199 2949 ·
265 2935 309 2992 ut
328 2918 519 2998 Lancisius
543 2915 722 3002 vocabat,
751 2917 835 2990 fieri
862 2945 971 3020 posse
994 2924 1266 3021 suspicaretur,

264 3035 381 3132 idque
401 3031 450 3104 ob
468 3034 622 3104 nimiam
639 3033 923 3109 diuturnitatem
943 3038 1150 3112 insanabile
1175 3039 1266 3111 exis-

153 3176 157 3184 ’
267 3152 440 3238 timaret;
461 3149 555 3222 datis
570 3165 658 3247 post*
670 3163 727 3222 tot
748 3153 931 3244 aliorum,
950 3157 1138 3229 incassum
1161 3155 1266 3227 adhi-

266 3267 366 3354 bita,
387 3266 551 3338 remedia
574 3268 769 3340 nonnullis
792 3295 874 3366 quae
892 3272 1034 3345 interea
1061 3274 1267 3344 humorum

269 3384 491 3457 cruditatem
521 3383 650 3456 saltem
679 3387 927 3485 corrigerent,
955 3405 1090 3489 praeter
1115 3415 1267 3464 omnem

269 3527 374 3602 spem
392 3500 485 3572 vidit
502 3501 753 3600 pulsationem
778 3504 875 3575 intra
893 3531 974 3578 non
1000 3507 1154 3607 longum
1179 3524 1270 3578 tem·

273 3649 1272 3686 mm-

308 3757 353 3834 (1)
373 3759 417 3814 De
433 3757 554 3814 recond.
568 3756 692 3814 abscess.
707 3771 768 3814 nat.
784 3763 804 3816 l.
821 3768 854 3834 4,
871 3783 896 3821 c.
910 3765 939 3820 6.
1051 3799 1053 3804 -

309 3853 353 3936 (a)
374 3859 441 3913 Act.
459 3859 496 3912 N.
513 3857 546 3913 C.
561 3868 632 3912 tom.
649 3857 684 3944 6¹,
703 3859 768 3916 obs.
787 3864 851 3921 131.

309 3955 355 4037 (3)
374 3956 447 4015 Obs.
461 3966 541 4016 anat.
554 3957 625 4016 edit.
639 3976 673 4032 a,
690 3978 721 4016 u.
736 3962 791 4020 IX.
