2790 4668
319 425 389 515 468
478 451 525 496 mr
552 449 697 510 sturnus
723 451 767 496 ur
792 449 917 496 clusis
941 451 1152 500 uonuonuu

316 564 417 654 Quin
442 567 651 633 Terraneus
682 561 737 657 (r)
766 585 923 660 prorsus
954 563 1192 637 obstructum
1216 589 1318 638 osen·

317 679 417 766 lum,
437 678 601 775 indeque
626 677 782 750 ductum
806 679 901 750 mire
926 679 1121 752 dilatatum
1149 681 1321 768 offendit,

317 821 481 894 eumque
497 795 714 867 sinistrum:
742 821 820 893 quo
845 787 887 866 in
902 796 1016 870 lutere
1037 799 1174 870 accidit
1188 815 1230 872 ut
1248 815 1317 870 tres

314 917 392 998 isti,
406 929 442 986 et
458 938 527 1012 ego
541 909 675 984 orificii
687 915 774 984 vitia
793 913 1176 1011 deprehenderemus.

369 1038 422 1118 14.
443 1031 514 1102 Sed
538 1030 585 1102 ab
607 1030 679 1102 illis
709 1031 846 1102 osculis
862 1031 1019 1104 ulterius
1037 1057 1106 1130 per
1128 1033 1315 1106 urethram

315 1162 535 1251 pergentes,
554 1147 601 1218 ad
622 1147 780 1218 alterum
799 1147 911 1243 hujus
932 1150 1312 1246 pervenimus'locun

316 1266 363 1340 de
379 1265 529 1338 duobus
546 1266 585 1334 in
599 1263 914 1362 quibusVesalins
927 1265 982 1363 (α)
995 1291 1073 1336 non
1085 1267 1203 1338 modo
1217 1264 1313 1365 quod

317 1409 449 1457 omnes
485 1382 677 1454 adnotavit
714 1381 944 1480 gonorrhoea
979 1381 1132 1456 affectos
1160 1392 1314 1481 graviter

316 1507 498 1588 cruciari,
521 1500 587 1571 sed
612 1515 647 1572 et
676 1523 823 1572 causam
859 1501 1016 1597 protulit
1046 1527 1163 1599 quare
1187 1505 1226 1572 in
1245 1501 1312 1576 hoc

314 1621 433 1693 altero
455 1619 690 1705 cruciemur,
710 1641 797 1687 cum
815 1619 924 1714 penis,
942 1619 1047 1716 riget.
1065 1623 1101 1716 ls
1119 1619 1227 1690 locus
1242 1620 1311 1688 imo

313 1740 478 1838 perinneo
492 1733 705 1832 respondet.
726 1734 782 1804 lbi
795 1735 895 1806 enim
911 1735 961 1806 ob
973 1736 1110 1808 canalis
1127 1734 1309 1820 reflexum,

314 1856 574 1950 declivemque
592 1876 634 1922 ac
657 1850 903 1926 humillimam
924 1853 1050 1924 sedern
1067 1877 1154 1926 cum
1177 1854 1308 1924 restitet

315 1973 475 2046 erodens
493 1972 651 2057 humor,
666 1968 718 2040 ibi
738 1993 892 2066 quoque
909 1976 1028 2066 magis
1043 1995 1158 2066 quam
1177 1976 1215 2042 in
1233 1969 1308 2042 reli-

313 2114 391 2190 qua
403 2104 547 2159 meatus
566 2087 652 2158 sede
668 2085 792 2158 erodit
806 2090 884 2183 (ant
902 2102 1001 2158 certe
1021 2088 1179 2184 irritat),
1192 2111 1306 2160 erotus

315 2223 440 2280 autem
459 2221 621 2292 meatus,
639 2204 793 2302 quando
812 2229 889 2276 una
910 2229 992 2276 cum
1012 2229 1114 2302 pene
1135 2205 1304 2291 tenditur,

315 2304 537 2396 solutionem
561 2327 716 2398 unitatis
745 2320 998 2392 vehementius
1028 2324 1120 2394 inibi
1143 2328 1304 2422 percipit.

310 2445 344 2514 N
347 2466 389 2514 ec
403 2465 493 2512 vero
507 2455 598 2511 tunc
612 2439 757 2526 solum,
773 2438 838 2510 sed
856 2438 946 2510 dum
962 2440 1072 2513 etiam
1088 2456 1303 2537 prostremus
1376 2507 1377 2517 ,

313 2562 394 2633 lotii
416 2574 539 2659 guttas
565 2582 713 2630 sursum
740 2556 827 2628 inde
853 2559 1084 2655 promoturi,
1109 2584 1180 2656 per
1203 2559 1303 2630 advo
1375 2599 1376 2613 κ

310 2680 411 2753 lutos
426 2675 617 2748 musculos
634 2700 716 2749 earn
731 2676 990 2773 comprimunt
1003 2691 1149 2750 meatus
1160 2692 1303 2774 partem,
1374 2685 1375 2709 ¹

311 2797 366 2870 de,
378 2797 538 2868 molesto
554 2791 696 2866 ibidem
718 2817 830 2864 sensu
854 2809 1133 2890 conquerentes
1154 2795 1302 2868 audiun·

309 2933 381 2996 tur.
402 2919 498 2986 Eum
523 2911 650 2982 locum
676 2911 790 3008 cingit
821 2912 943 2982 Littrii
969 2911 1170 3008 glandula:
1195 2935 1301 3010 eoque
1371 2937 1372 2999 l

310 3035 396 3109 loco
430 3029 636 3102 exulcerari
666 3026 860 3101 urethram
892 3026 1006 3100 credo
1034 3053 1121 3102 cum
1149 3029 1210 3100 ibi
1232 3031 1299 3127 ipse
1370 3017 1371 3096 l

309 3141 461 3249 quoque
478 3147 594 3218 lineas
614 3168 893 3242 nonnunquam
906 3145 1063 3216 viderim
1077 3145 1159 3218 illas
1170 3161 1301 3218 exstan-

306 3283 387 3355 tes,
424 3289 517 3362 quas
547 3288 625 3362 pro·
649 3260 890 3336 cicatricibus
929 3261 1075 3350 habeo,
1106 3268 1301 3340 Terraneus

310 3401 433 3459 autern
456 3384 510 3482 (3)
525 3383 651 3454 ulcera
673 3377 874 3454 offenderit
898 3405 943 3456 ex
969 3380 1148 3455 diuturna
1175 3406 1298 3481 gonor-

371 3609 377 3618 .
517 3613 539 3628 ,,
784 3607 789 3614 .

349 3749 391 3862 (ι)
413 3782 458 3836 De
473 3775 604 3853 glandul.
622 3773 688 3828 obs.
702 3771 737 3842 6,
751 3783 780 3828 et
792 3770 841 3849 fig.
858 3793 870 3828 1
886 3774 924 3831 ad
936 3775 972 3831 D.

347 3878 390 3960 (n)
413 3881 446 3935 C.
466 3884 500 3943 14
515 3873 564 3930 eit.
583 3890 672 3946 supra
683 3871 724 3927 ad
737 3890 768 3935 n.
784 3871 813 3928 8.

348 3976 390 4062 (3)
411 3979 456 4033 De
471 3973 601 4053 glandul.
615 3991 640 4027 e.
658 3969 675 4027 5
692 3981 721 4026 et
732 3971 796 4026 obs.
816 3971 843 4028 3.
