2790 4668
133 466 205 512 em.
236 465 292 516 ιιι.
320 465 367 514 us
392 464 528 512 nonnis
553 465 722 529 rsuram,
748 464 867 514 emm·
886 449 1069 541 rurippi

63 578 133 654 alia
157 577 210 652 de
236 603 311 676 qua
330 603 376 654 ex
399 578 594 676 Champan
615 577 730 650 refert
750 579 922 652 laudatus
950 583 1072 654 Boch-

64 695 223 792 mer-usy(
251 696 275 791 ).
343 749 346 757 ·

72 865 75 871 -
112 815 221 888 siser
232 835 387 911 quoque
398 815 517 900 uteri,
533 812 639 887 idest
654 815 735 886 sine
747 803 979 905 inversione,
993 821 1075 916 pro·

66 935 196 1032 lapsus
224 955 350 1028 neque
370 929 465 1006 adeo
488 930 621 1002 creber
637 947 717 1017 est,=
736 947 778 1003 ut
798 939 979 1030 integram
993 936 1075 1032 ejus

67 1051 359 1128 observatorum
400 1047 615 1145 catalogum
651 1048 821 1120 retulerit
858 1051 1006 1122 Blasr'as
1038 1058 1076 1122 in

71 1171 356 1240 Commentariis
376 1165 431 1242 ad
464 1164 714 1262 Veslingiam,
754 1169 1077 1265 quemadmodum

68 1285 325 1360 hallucinatus
333 1284 481 1382 scripsit
492 1281 742 1380 Graafius(2)‚
758 1311 828 1357 nec
839 1309 969 1361 rursus
983 1288 1077 1359 adeo

71 1427 178 1478 ranis
210 1418 285 1491 est,
313 1417 356 1474 ut
371 1417 520 1500 proetar
541 1402 761 1495 Ruyseiziam
787 1404 923 1476 viderit
951 1431 1076 1493 nemo,

73 1521 176 1620 quod
194 1520 424 1592 Widmanno
443 1519 498 1618 (3)
510 1519 612 1592 haud
621 1521 834 1610 excidisset,
849 1523 920 1596 nisi
938 1523 1077 1612 oblito,

72 1637 187 1728 infit,
205 1639 515 1720 observationum
545 1639 680 1712 Piateri
698 1637 756 1736 (4)
783 1655 822 1711 et
848 1643 977 1738 Peyeri
1006 1641 1076 1738 (5)

75 1761 288 1829 Descensus
305 1759 435 1854 potius
451 1758 564 1845 uteri,
585 1771 622 1828 et
641 1757 839 1856 prolapsus
855 1761 994 1857 vaginae
1013 1783 1079 1861 po·

73 1875 256 1949 tissimum
267 1873 388 1963 ,haut
399 1898 485 1946 raro
500 1876 813 1973 occurrit.1taque
827 1877 966 1948 inversi
977 1879 1076 1948 uteri

76 1992 297 2090 prolapsum
329 2017 409 2064 non
439 1993 513 2066 nisi
541 1993 677 2081 semei,
711 2017 789 2064 non
816 1995 952 2065 inversi
979 2019 1079 2064 nun-

67 2133 190 2204 'quam
212 2107 310 2182 mihi
323 2108 476 2197 accidit,
496 2124 537 2180 ut
557 2108 622 2181 hic
639 2110 819 2182 audirem.
847 2115 1080 2184 Descensum

79 2243 198 2302 autem
216 2233 316 2300 uteri
344 2243 381 2300 et
393 2229 534 2326 vaginae
561 2228 779 2326 prolapsum
794 2243 876 2300 tum
896 2232 936 2300 in
951 2231 1080 2300 viven-
1168 2243 1171 2250 ⁴

81 2345 176 2422 tibus
195 2347 390 2420 interdum
417 2344 516 2438 vidi,
546 2360 627 2417 tum
657 2348 697 2420 in
729 2351 886 2420 mortuis
912 2347 1081 2420 animadv

81 2465 181 2535 verti.

129 2607 160 2680 7.
182 2587 348 2680 Rogatus
362 2595 405 2658 ut
425 2579 591 2654 honestae
606 2578 770 2670 feminee,
794 2597 1020 2654 annosnatae
1032 2585 1083 2652 vi·-

85 2699 172 2794 ginti
193 2701 381 2798 quinque,
395 2695 578 2776 naturalia
590 2700 891 2795 inspicerem,ut
900 2700 1081 2796 quidnam

85 2831 175 2888 esset
197 2839 338 2915 eorpus
356 2831 471 2905 teres,
489 2817 598 2914 penis
612 2815 754 2904 simiis,
782 2817 882 2892 instra
907 2817 1080 2913 vaginam

85 2935 343 3032 propendens,
361 2932 646 3031 dignoscerem,
677 2935 859 3005 continuo
880 2957 958 3004 esse
983 2935 1081 3004 uteri

85 3053 263 3125 cervicem
272 3050 370 3138 vidi,
389 3075 470 3148 quas
487 3048 584 3121 infra
598 3050 764 3128 medium
779 3053 920 3148 vaginae
930 3051 1082 3146 descen·

86 3166 194 3241 derat
214 3170 321 3242 Uteri
333 3167 521 3257 osculum,
540 3171 682 3267 quippe
706 3171 746 3237 in
768 3181 886 3265 nupta
906 3167 1080 3264 quidem,

87 3283 147 3356 sed
164 3311 246 3384 quae
263 3309 458 3383 nunquam
478 3288 703 3384 peperisset,
715 3300 912 3384 angustum
927 3301 1023 3371 erat,
1042 3299 1081 3358 et

843 4119 909 4189 32⁸
