2810 4668
301 429 370 508 556
472 457 516 504 nr
543 455 688 506 santius
713 459 757 506 m
782 457 906 506 causis
933 455 1141 508 notrorum

300 589 426 663 retur,
440 577 565 646 minus
583 597 696 645 ausus
709 595 848 660 essem,
870 573 989 668 utqui
1004 573 1102 643 inter
1118 573 1299 643 rarissima

302 693 516 792 exemplum
540 693 577 764 id
611 717 804 791 ponerem.
836 696 881 762 Et
902 690 1047 764 videbis
1077 706 1200 777 certe,
1226 714 1300 760 non

301 811 401 884 idem
420 814 619 908 contigisse
640 811 747 882 alteri
773 807 917 880 feminae
940 810 986 882 de
1013 833 1088 907 qua
1113 808 1246 880 iisdem
1266 809 1301 876 in

298 923 408 1004 libris
425 927 540 999 verba
557 925 653 998 fiunt
670 928 742 1024 (ι),
773 929 850 998 imo
868 942 1011 1024 quanto
1041 926 1194 1014 labore,
1218 941 1254 997 et
1278 926 1303 996 si

303 1071 385 1143 quoe
402 1061 527 1119 secuta
548 1059 650 1134 sunt,
663 1045 848 1133 attendas,
860 1045 1030 1143 periculo
1049 1069 1229 1142 quoque,
1243 1047 1302 1112 Be-

303 1164 462 1237 nevolus
488 1163 542 1261 (a)
571 1187 656 1234 cum
685 1163 849 1256 Quercio
869 1165 969 1234 inter
994 1177 1125 1260 partus
1160 1160 1305 1231 dolores

304 1284 475 1379 vaginam
508 1283 628 1354 coacti
654 1283 728 1354 sint
754 1281 909 1352 dilatare
940 1280 988 1351 ad
1015 1279 1187 1350 medium
1215 1277 1306 1349 dun-

298 1414 403 1471 taxat
420 1398 667 1498 longitudinis
683 1422 756 1469 suae
774 1413 1020 1486 coarctatam,
1044 1395 1094 1467 ob
1114 1396 1255 1466 vulnus
1272 1396 1306 1464 in

304 1518 465 1617 pueritia
480 1531 700 1614 acceptum
719 1541 806 1587 cunr
823 1516 894 1586 illae
908 1516 990 1586 duae
1011 1517 1063 1586 sic
1082 1531 1179 1586 natae
1204 1511 1307 1584 fuisse

304 1635 512 1706 videantur.
545 1639 607 1704 Hae
633 1649 758 1705 autem
786 1634 957 1731 quinque
993 1632 1174 1703 mulieres
1202 1647 1308 1702 tenue

306 1749 475 1824 foramen
496 1750 688 1823 habebant
721 1776 870 1838 omnes,
903 1765 972 1848 per
989 1750 1096 1848 quod
1116 1742 1245 1846 aliquit
1269 1747 1309 1818 ad

306 1885 457 1943 uterum
487 1871 546 1939 via
572 1855 717 1966 pateret
742 1893 750 1937 τ
776 1868 886 1965 quale
915 1872 955 1938 in
980 1893 1023 1938 ea
1049 1893 1209 1965 quoque
1238 1889 1310 1938 esse

307 1988 540 2088 suspicabar,
572 1988 679 2084 cujus
705 1986 899 2058 historiam
925 1985 1218 2060 describendam
1239 2008 1310 2056 sus-

307 2108 401 2205 cepi.
417 2111 558 2176 Verum
582 2104 648 2174 ubi
666 2102 839 2178 foramen
859 2104 907 2176 de
928 2129 1006 2202 quo
1029 2103 1170 2174 mulier
1187 2127 1310 2172 narra-

306 2237 432 2310 verat,
454 2223 652 2319 conspexi;
682 2217 784 2294 illico
816 2249 861 2296 ex
893 2202 974 2318 ejus
1001 2220 1087 2304 sede
1125 2218 1310 2290 orificium

305 2338 467 2424 urethrae
485 2363 563 2410 esse
585 2342 766 2438 cognovi,
794 2330 1006 2438 gratiasque
1036 2337 1204 2436 agendas
1242 2361 1311 2408 esse

306 2461 411 2546 Deo,
428 2457 533 2554 quod
553 2457 690 2529 mulier
711 2457 934 2530 ulteriorem
959 2459 1040 2553 ejus
1060 2473 1210 2528 meatus
1227 2454 1311 2525 dila-

306 2575 487 2646 tationem
516 2600 594 2646 non
617 2574 849 2673 pertulisset,
877 2601 922 2646 ex
944 2599 1019 2672 qua
1050 2572 1145 2644 illud
1180 2569 1309 2671 procul

222 2765 223 2770 ,
307 2689 425 2762 dublo
442 2689 656 2764 accessisset
674 2692 923 2782 incommodi,
941 2707 984 2762 ut
998 2691 1134 2762 lotium
1148 2691 1308 2760 retinere

307 2833 387 2880 non
405 2823 542 2906 posset.
573 2807 681 2880 Unde
706 2810 904 2908 intelligis,
935 2796 1129 2880 anatomes
1164 2809 1313 2904 imperi·

307 2929 398 2998 tiam
416 2941 558 2996 tantam
577 2926 780 3023 aliquando
807 2953 886 2998 non
906 2925 1022 2997 modo
1040 2926 1080 2994 in
1100 2923 1312 3022 vulgaribus

292 3044 495 3142 .chirurgis
529 3057 566 3115 et
593 3044 837 3134 tonsoribuS,
875 3045 921 3116 de
954 3042 1094 3144 quibus
1128 3041 1234 3113 baud
1269 3041 1312 3110 ita

309 3161 494 3233 absimilia
513 3159 684 3233 referunt
696 3163 862 3248 Platerus
872 3162 930 3260 (3)
941 3216 950 3252 ,
962 3177 999 3233 et
1015 3165 1148 3232 Petrus
1164 3159 1212 3230 de
1227 3162 1312 3230 Mar·

261 3298 263 3303 ·
310 3277 445 3351 chettis
469 3278 544 3376 (Δ),
569 3280 635 3352 sed
655 3282 749 3364 etin
771 3279 926 3352 medicis
946 3303 1026 3351 esse
1046 3303 1126 3348 non
1144 3275 1312 3374 ignobili·

309 3395 403 3484 bus,
431 3411 474 3468 ut
499 3397 661 3475 urethrae
682 3377 881 3488 osculum,
896 3419 1034 3496 magno
1058 3396 1310 3494 aegrotantium

351 3712 395 3790 (1)
416 3715 492 3770 Hist.
506 3733 554 3770 an.
571 3717 661 3788 1748,
675 3717 740 3773 obs.
753 3727 831 3773 anat.
892 3702 894 3708 ⁵

352 3809 395 3890 (a)
416 3815 570 3871 Osservaz.
590 3813 618 3871 5.
915 3841 918 3846 ·

351 3910 397 3990 (3)
417 3913 489 3970 obs.
508 3916 529 3970 1.
542 3915 558 3972 3
577 3915 631 3972 ubi
640 3915 677 3973 de
688 3927 767 3991 part.
781 3914 898 3992 procid.

300 4062 303 4070 .
350 4008 397 4091 (t)
416 4013 490 4072 Oba.
508 4016 585 4074 med.
604 4013 679 4074 ebir.
697 4015 745 4075 60.
