2726 4676
161 415 232 468 nn.
261 415 317 467 Ill.
345 414 391 466 DE
417 414 553 466 nonnls
573 411 742 483 vannum,
768 415 879 468 amsa.
907 415 994 466 xun.
1024 415 1094 492 297

76 553 164 632 qua
194 559 239 605 ex
269 537 386 641 parte<
400 533 519 604 laxata
554 529 700 604 fuerat:
735 557 816 630 quae
847 549 972 604 tamen
998 535 1099 605 inter

74 652 262 748 exempla
286 651 389 722 haud
420 652 506 722 satis
537 651 647 722 video
677 669 746 722 cur
780 647 962 721 referatur
989 650 1094 746 qu'od

74 768 193 866 apud
219 768 454 865 Ruyschium
475 781 591 839 exstat
624 767 817 840 Thesauro
837 773 931 841 VIII.
951 795 987 840 n.
1019 773 1093 840 CII.

73 888 159 960 nisi
183 880 368 958 lortenon
384 886 423 956 id
440 885 657 985 designatur
671 886 775 983 quod
788 885 841 957 ibi
852 885 1096 963 describitur.

77 1004 155 1076 sed
176 1004 273 1074 illud
291 1003 396 1100 quod
414 1004 494 1098 ejus
513 1005 709 1074 occasione
730 1003 871 1074 ibidem
893 1005 1101 1102 repetitur}

75 1121 304 1194 observatio
316 1110 493 1191 videlicet
510 1122 631 1218 prima
641 1120 888 1218 Ruyschianae
906 1125 1096 1193 centurias:

76 1265 161 1338 qua
202 1263 289 1310 cum
320 1237 648 1310 observationem
676 1239 830 1310 alteram
859 1239 1029 1325 conferes
1057 1241 1096 1310 in

74 1359 189 1430 Actis
201 1353 375 1428 Caesare'ae
390 1355 663 1456 Academiae(1)
679 1358 912 1454 propositam
922 1409 931 1446 ‚
942 1372 979 1428 et
989 1355 1097 1430 facile

75 1475 277 1572 intelliges
313 1474 405 1574 quid
441 1475 481 1547 in
522 1473 755 1546 nobilissima
792 1491 964 1548 matrona
989 1491 1096 1548 ,esset
1212 1461 1214 1470 ’

75 1611 222 1666 tumor
252 1617 272 1662 e
307 1591 532 1690 genitalibus
570 1593 835 1690 propendenS,
875 1617 953 1689 quo
978 1593 1096 1664 inciso

76 1735 254 1809 magnus
287 1709 453 1782 calculus
481 1730 568 1782 cum
599 1711 694 1782 lotio
719 1711 878 1808 prodiit,
908 1707 1096 1807 hujusque

75 1825 385 1916 incontinentia,
411 1849 457 1898 an
488 1829 613 1925 potius
638 1851 683 1900 ex
713 1849 792 1900 non
817 1842 1015 1926 persanato
1040 1828 1104 1895 ill-¹

77 1945 194 2017 {licto
219 1946 375 2016 vulnere
397 1945 628 2018 stillindium
665 1949 852 2018 successit,
877 1951 943 2016 11ae
971 1960 1097 2015 tamen

77 2065 169 2137 duae
205 2061 508 2150 observationes,
538 2079 574 2134 et
600 2064 767 2161 quaedam
795 2064 866 2134 alia
891 2087 974 2160 quae
1001 2061 1096 2157 ejus*

77 2180 286 2254 demmodi
314 2179 435 2250 videri
465 2195 606 2277 potest,
633 2181 825 2252 Remberti
844 2180 1027 2267 Dodonaei
1043 2177 1096 2274 (a)

78 2321 241 2376 saccum
259 2296 428 2368 iudicant
457 2321 535 2367 non
561 2299 677 2395 magis
701 2295 750 2368 ab
769 2299 886 2368 urinae
909 2297 1097 2396 impulsu,

77 2441 204 2516 quam
224 2415 489 2486 acalculorum
507 2415 676 2512 pondere
692 2413 889 2504 effectum,
910 2431 974 2486 aut
993 2415 1094 2485 'certe

77 2551 267 2620 auctum,
297 2557 460 2629 eumque
484 2535 523 2602 in
551 2535 626 2604 ima
660 2536 790 2605 vesicae
820 2549 943 2631 parte:
966 2533 1096 2605 ubi'et

81 2653 275 2724 Riolanus
309 2651 363 2747 (3)
391 2651 481 2720 olim
513 2651 674 2740 viderat,
714 2667 750 2722 et
778 2676 798 2720 a
834 2651 984 2722 calculis
1014 2651 1100 2747 qui-

79 2771 176 2844 dem
197 2768 252 2865 (Δ)
268 2769 333 2840 sed
350 2768 397 2838 ad
409 2768 546 2857 latera,
566 2784 602 2840 et
620 2768 824 2840 interdum.
843 2771 954 2839 Nunc
972 2783 1097 2838 autem

62 2921 65 2928 ·
79 2889 129 2960 ad
155 2887 290 2975 latera,
306 2901 342 2958 et
356 2887 562 2983 praesertim
580 2885 627 2956 ad
642 2887 832 2957 sinistrum
852 2885 945 2982 poni
968 2883 1099 2971 vide0‚

78 3008 120 3079 in
156 3003 370 3101 plerisque,
402 3019 438 3076 et
462 3004 499 3074 id
526 3005 655 3076 saltem
686 3002 733 3074 ab
762 3001 957 3072 nonnullis
990 2999 1098 3098 quasi
1158 3036 1159 3042 κ

80 3137 187 3195 esset
205 3145 224 3190 a
243 3135 385 3192 natura.
401 3126 480 3218 Ego
499 3145 581 3218 quae
599 3121 645 3192 de
662 3122 790 3192 vesIcae
802 3120 961 3190 naturali
977 3115 1098 3215 figura

81 3239 271 3318 viderim,
294 3240 371 3334 jam
392 3238 479 3310 alibi
500 3238 552 3334 (5)
570 3240 744 3310 indicavi⁴
768 3241 867 3308 Num
886 3233 989 3308 sinus
1003 3261 1100 3334 prae-

197 3579 283 3633 Tom.
300 3585 331 3646 4,
346 3579 395 3632 ob.
408 3576 445 3652 95
457 3579 488 3633 in
500 3575 568 3634 fine.

197 3679 306 3734 Medic.
322 3679 386 3734 obs.
406 3698 431 3734 c.
448 3677 496 3746 45.

195 3781 399 3855 linthropogr.¹
413 3780 433 3832 l.
449 3797 482 3848 2,
498 3797 523 3832 c.
540 3777 586 3832 αδ.

193 3879 365 3936 Encheirid·
379 3889 459 3934 anat.
474 3879 494 3934 l.
508 3895 541 3945 a,
557 3897 582 3932 c.
597 3872 648 3932 30.

195 3981 289 4055 Eput.
306 3991 488 4053 anat.1,n.
508 3977 556 4036 61.
667 4039 669 4044 Ι
752 4019 754 4028 ⁴
