2814 4674
312 483 359 570 84
474 497 520 550 nn
546 494 689 548 senmos
714 495 758 540 nr
784 489 907 540 causis
932 477 1139 536 uonnoruur'

308 620 433 694 tuerit.
453 617 570 710 Hujus
585 635 654 708 ego
671 609 855 680 incisurus
872 603 1047 684 cadaver,
1065 617 1108 672 ut
1128 623 1320 698 quorum-¹
1396 623 1397 670 ξ

310 739 395 810 dam
413 733 553 804 ventris
569 731 753 800 viscerum
770 705 948 794 fabricam
968 719 1182 817 diligentius
1206 718 1316 788 reco-
1396 709 1397 720 ¹

310 875 550 952 gnoscerem‚
567 871 651 916 cum
667 843 744 914 duo
758 841 873 912 adno
859 855 1014 924 assem
1030 838 1068 905 in
1084 835 1216 906 habitu
1231 861 1316 905 non
1396 859 1397 912 j

307 994 462 1070 prorsus
481 962 685 1036 illaudabili
704 973 838 1058 praeter
855 956 996 1028 areolas
1012 970 1048 1025 et
1062 934 1236 1050 papillam,
1257 954 1315 1022 ni·
1396 957 1397 1028 ξ

307 1087 364 1158 hil
387 1105 633 1156 mammamm
654 1093 815 1163 exstare,
840 1072 1026 1144 abdomen
1055 1085 1178 1141 autem
1196 1069 1318 1144 nullis
1396 1085 1397 1098 ³

308 1228 386 1277 esse
405 1205 507 1298 rugis
527 1199 731 1279 sulcatum,
752 1207 794 1262 ut
810 1213 1005 1286 nunquam
1021 1201 1202 1288 gestatum
1230 1207 1316 1258 esse
1396 1179 1397 1244 l

307 1337 457 1393 uterum
476 1326 691 1413 appareret3
717 1307 960 1380 animadverti
984 1305 1096 1376 simul
1120 1319 1318 1374 tumorem
1396 1373 1397 1380 χ

308 1436 509 1535 quemdam
521 1457 597 1502 non
611 1427 883 1530 acuminatum,
897 1421 962 1494 sed
979 1421 1131 1518 planum
1144 1421 1231 1517 ,qui
1248 1407 1317 1517 hy·
1396 1439 1397 1494 ζ

200 1599 204 1607 *v
307 1554 607 1653 pogastrium,et
624 1543 711 1614 huic
726 1543 934 1640 proximam
952 1537 1175 1608 umbilicalis
1189 1537 1315 1633 regio·
1396 1597 1397 1638 3

306 1655 1319 1768 nispartemnonnihilattollebat.Ventreigituraper·
1396 1681 1397 1748 ᾗ

306 1805 367 1877 to,
385 1810 535 1858 ¹causam
556 1806 623 1854 cur
638 1778 691 1848 ibi
713 1789 875 1867 tumeret
896 1771 1103 1857 abdomen,
1130 1795 1209 1842 esse
1235 1771 1318 1842 vidi
1396 1771 1397 1856 ἶ

308 1930 447 2003 corpus
465 1898 678 1998 quoddam
697 1890 849 1960 maximi
869 1889 987 1986 pugni
1002 1885 1281 1984 magnitudine
1297 1913 1317 1958 a

307 2024 568 2122 quormposlta
577 2015 753 2082 intestina
762 2021 991 2092 extrorsum
1003 2020 1039 2075 et
1052 2029 1201 2089 sursum
1214 2028 1315 2074 com·
1396 2003 1397 2066 l

274 2161 276 2166 ·
307 2139 549 2238 pellerentur.
568 2135 653 2200 Erat
662 2125 703 2196 rd
714 2148 851 2222 eorpus
866 2125 905 2192 in
920 2115 1039 2219 pelvis
1054 2121 1198 2208 medio,
1219 2120 1312 2191 sub·

305 2255 532 2334 rotundum,
548 2239 954 2339 tuberosasuperficie‚
970 2239 1164 2308 nonnullis
1182 2253 1313 2310 tamen

305 2379 346 2445 in
360 2372 453 2442 loeis
464 2369 574 2466 plana
596 2379 632 2435 et
648 2363 747 2447 laevi,
762 2375 802 2429 ut
814 2385 835 2429 a
847 2361 972 2456 primo
983 2355 1195 2426 nihilaliud
1208 2379 1314 2450 esse,
1396 2343 1397 2392 l

251 2579 253 2584 ,
306 2514 418 2588 quam
440 2471 661 2556 tumefactus
678 2463 806 2548 uterus
822 2474 941 2546 videri
959 2487 1093 2571 posset.
1115 2477 1168 2544 Re
1182 2489 1314 2544 autem

305 2632 393 2680 vera
410 2604 512 2676 testis
525 2615 602 2672 erat
618 2597 763 2668 sinister
774 2596 786 2682 ‚'
801 2595 867 2690 qui
879 2594 918 2660 in
933 2617 1013 2662 eam
1027 2591 1166 2660 molem
1184 2615 1315 2664 exere·
1396 2565 1397 2638 ἶ

304 2739 418 2798 verat.
438 2722 527 2814 Ejus
545 2717 659 2788 densa
676 2713 803 2784 tunica
826 2709 949 2806 parvis
971 2707 1197 2805 quibusdam
1227 2707 1316 2780 abs-

306 2839 470 2916 oessibus
495 2835 580 2904 hic
572 2861 598 2902 ι
586 2833 648 2902 ¹lie
665 2844 743 2901 erat
769 2826 977 2924 inaequaliS,
1012 2849 1188 2921 quorum
1193 2825 1315 2921 aliqui

305 2984 374 3058 per
391 2983 429 3028 se
449 2951 592 3050 operti,
612 2971 682 3045 pus
698 2942 916 3018 emrttehant
931 2941 1057 3012 album
1068 2939 1205 3038 quale
1219 2964 1313 3011 con
1396 2931 1397 2978 t

303 3073 475 3146 tinebant
494 3091 625 3140 eorum
645 3061 809 3161 plurimi.
837 3060 925 3130 Ex
916 3083 997 3155 ipso
1024 3057 1126 3128 testis
1145 3079 1312 3153 corpore
1396 3079 1397 3116 2

303 3191 447 3277 tenuis,
465 3209 535 3256 nec
554 3183 713 3261 multus,
732 3175 840 3246 ichor
858 3175 1167 3272 sanguinolentus
1187 3176 1314 3270 expri·
1396 3219 1397 3224 κ

303 3307 496 3391 ruebatur,
517 3325 603 3372 cum
622 3320 716 3396 pure
733 3294 874 3364 mistus.
894 3297 987 3363 Cum
1009 3305 1135 3362 autem
1157 3291 1311 3386 penitus

304 3423 554 3522 aperuissem,
578 3430 613 3485 et
641 3415 680 3482 in
706 3435 803 3506 aqua
837 3409 922 3480 satis
952 3408 1166 3504 agitassem3
1195 3405 1311 3502 plane

302 3539 578 3644 perspeximus,
585 3545 717 3628 praeter
727 3524 1011 3624 aliquotfibras
1022 3540 1058 3594 et
1067 3547 1170 3612 vasa
1178 3547 1311 3592 unam·

294 3684 396 3756 tque,
415 3668 479 3725 aut
507 3649 660 3720 alteram
677 3645 849 3746 cellulam
883 3640 1085 3713 medriocri
1102 3664 1181 3710 uvae
1207 3641 1308 3710 acini

300 3767 581 3870 magnitudine,
594 3741 781 3860 quaeintra
794 3762 938 3856 nigram
954 3758 1120 3828 tunicam
1134 3779 1308 3852 eompre-

298 3885 488 3960 hendehat
507 3879 698 3977 quidpiam
718 3875 948 3946 simillimum
964 3874 1129 3945 concreti
1157 3873 1307 3969 sangui·

272 4015 276 4023 '
298 3995 658 4100 ni5,perepeximus,
673 3991 1045 4090 inquam,reliquam
1057 3987 1177 4060 multo
1187 3988 1305 4058 maxi·
1340 4069 1343 4074 ¹
