2814 4674
22 4099 28 4150 l

131 422 193 470 cm.
215 425 274 476 111,
301 424 349 470 ne
375 421 512 476 monins
528 421 699 485 verrius,
725 422 836 470 ertsr.
864 423 985 470 xxxix.
1038 403 1080 486 qt

90 550 356 624 contrectareS,
374 535 598 610 tuberosum
611 535 844 632 inaequaliter
860 549 938 606 tota
955 559 1086 632 super-

91 649 163 728 ficie
180 653 406 750 ambituque
426 654 509 750 ipso
528 667 716 723 tumorem
730 650 915 724 sentiebas
933 677 1013 724 non
1031 677 1089 724 se·

92 793 148 844 cus
164 793 206 842 ec
225 773 258 842 si
277 797 323 842 ex
347 769 578 870 glandulosis
611 769 838 867 corporibus
863 785 959 842 esset
984 794 1090 842 com·
1121 852 1125 856 .

91 900 233 980 pectus,
243 887 350 984 quod
363 903 399 961 et
415 889 583 976 renisus,
593 889 622 960 si
636 912 849 985 premeres,
865 885 1091 962 confirmare

91 1003 294 1081 videbatur.
317 1009 412 1081 Cum
426 1030 637 1103 premeres,
654 1007 822 1104 itemque
840 1031 927 1084 cum
940 1005 1091 1080 flatibus

90 1145 178 1220 eger
191 1138 411 1212 vexaretur,
431 1122 573 1194 doloris
588 1147 718 1203 sensus
735 1139 957 1200 nontamen
974 1124 1090 1196 vehe-

91 1242 221 1330 mentis
240 1244 282 1313 in
300 1255 451 1331 tumore
466 1241 677 1332 oriebatur3
695 1257 829 1340 praeter
854 1266 953 1340 quos
983 1265 1089 1314 casus

91 1357 187 1430 nulla
205 1375 286 1432 erat
305 1359 352 1430 de
372 1383 417 1431 eo
435 1360 611 1457 querela,
629 1361 702 1438 nisi
720 1376 901 1458 tanquam
914 1359 961 1437 de
973 1362 1090 1458 impe·

93 1472 254 1551 dimento
267 1477 455 1574 quodam,
471 1476 619 1576 fixaque
632 1476 698 1550 sed
713 1476 1091 1574 levimole'stia.Utra-

92 1615 156 1687 que
170 1620 290 1666 manu
307 1595 466 1666 tumoris
478 1595 595 1674 latera
614 1593 962 1692 comprehendens,
981 1591 1091 1666 facile

93 1709 207 1805 ipsum
221 1711 299 1784 huc
312 1712 481 1809 illucque
495 1710 692 1785 ducebam.
705 1714 837 1808 Neque
848 1726 927 1783 erat
937 1707 1091 1792 difficile

97 1851 318 1928 cognoscere
337 1857 416 1910 uon
443 1853 522 1904 esse
549 1831 588 1908 in
612 1832 753 1902 ventris
773 1828 1002 1928 parietibus3
1024 1826 1090 1900 sed

95 1941 147 2018 bis
162 1964 286 2028 tamen
308 1972 388 2021 esse
407 1973 522 2046 quam
541 1948 768 2045 proximum.
782 1951 878 2024 Cum
895 1957 1093 2044 quaeerant

98 2085 221 2162 supra,
236 2063 358 2154 infra,
376 2065 552 2146 adlatera
569 2068 746 2153 tumoris,
764 2090 881 2140 manu
892 2064 1092 2162 diligenter

98 2184 342 2280 explorarem3
357 2185 429 2256 nisi
447 2182 552 2280 quod
568 2181 665 2254 infra
681 2183 922 2268 umbilicum,
935 2182 1091 2255 medicis

99 2321 262 2400 egroque
284 2301 528 2400 negantibus,
550 2302 758 2400 quidquam
784 2301 838 2378 ibi
858 2325 937 2372 esse
958 2315 1093 2398 praeter

100 2433 278 2508 naturam,
299 2419 494 2516 erplorare
506 2443 585 2488 non
603 2422 770 2516 perrexi3
783 2418 895 2506 nihil,
909 2433 1094 2515 quantum

99 2558 159 2630 per
172 2539 405 2633 interjectam
421 2535 634 2634 abdominis
651 2533 922 2634 pinguedinem
936 2534 1094 2624 licebat,

101 2653 204 2742 nihil,
230 2659 407 2752 inquam,
437 2656 627 2741 renitens,
656 2653 752 2733 nibil
777 2651 979 2749 inaequale,
1000 2651 1096 2722 nibil

101 2772 192 2866 quod
205 2796 379 2871 pressum
391 2763 599 2844 molestiam
614 2786 778 2856 crearet,
797 2769 1017 2866 perceptum
1028 2781 1094 2839 est.

100 2890 155 2966 His
172 2905 207 2960 et
220 2889 334 2977 lotio,
357 2891 397 2968 in
426 2913 504 2985 quo
534 2911 612 2957 non
633 2901 712 2956 erat
729 2883 834 2982 quod
851 2885 1038 2982 culpareS,
1058 2898 1096 2956 et

102 3028 187 3101 aqua
200 3006 247 3078 de
267 3031 342 3103 qua
361 3005 504 3084 dictum
523 3019 578 3086 est
586 3005 732 3086 vomitu
742 3003 897 3098 rejecta,
913 3016 949 3072 et
963 3002 992 3071 si
1003 2997 1096 3098 qnid

101 3122 286 3202 videbatur
302 3137 557 3221 pruete1‚·eaeut¹
573 3119 850 3223 inspipientlum
865 3134 928 3198 aut
941 3120 1096 3196 interro

104 3241 277 3334 gendum,
299 3243 386 3312 satis
401 3240 579 3336 cognitis,
594 3226 734 3318 caeteris
747 3252 872 3308 autem
887 3261 970 3333 quae
983 3259 1096 3332 supra

104 3355 162 3428 tihi
179 3360 345 3456 exposite
364 3373 474 3446 sunt,
494 3383 514 3426 a
532 3355 688 3434 medicis
702 3371 738 3426 et
757 3355 914 3452 praesule
933 3355 1014 3452 ipso
1032 3378 1096 3426 au-

105 3471 196 3564 ditis,
212 3477 259 3550 ad
278 3473 508 3550 conferenda
526 3476 709 3554 internos
729 3472 884 3550 consilia
901 3494 1029 3550 coram
1045 3495 1098 3542 se-

107 3606 223 3664 nature
245 3594 312 3664 illo
339 3591 592 3689 amplissimo,
617 3613 660 3660 ac
688 3588 886 3686 permultis
915 3587 994 3660 aliis
1023 3586 1098 3666 sive

107 3706 270 3806 dignitate
288 3710 515 3798 etdoctrina
529 3705 794 3805 prestantibus
819 3705 930 3793 viris,
949 3706 1024 3778 sive
1043 3705 1099 3777 rei
1159 3747 1162 3756 ·

106 3827 242 3906 medicae
262 3815 459 3916 studiosis,
474 3827 706 3900 secessimus.

145 3973 196 4035 ee,
215 3947 338 4040 Ibiex
360 3945 517 4032 medicis
532 3945 600 4042 qui
615 3941 802 4028 curationi
821 3953 1028 4039 preerant,
1045 3938 1100 4022 al-
