2726 4676
291 431 384 484 -naa
477 429 524 476 ur
549 415 695 475 81stth
720 427 764 473 rr
788 421 912 516 clusis
938 413 1149 474 ssossonurt

314 549 403 620 tiam
419 543 490 616 sibi
505 542 675 614 crederet
687 541 846 612 omnino
857 539 1088 612 mutandam.
1104 543 1198 612 Non
1211 539 1323 612 'fidem
1360 535 1361 604 l

312 663 375 736 ille
394 685 527 734 eorum
548 661 614 757 qui
634 661 878 757 scripserant,
900 657 1058 730 vocabat
1074 661 1115 729 in
1135 659 1324 747 dubium,

312 781 380 853 sed
394 781 574 874 majorem
591 781 631 848 in
650 778 731 850 aliis
747 779 1001 876 sagacitatem,
1017 779 1056 849 in
1069 776 1151 849 aliis
1166 778 1323 876 diligen·

313 899 423 982 tiam,
437 898 477 965 in
493 896 573 966 aliis
585 893 800 992 suspicandi
818 893 1095 992 dubitandique
1112 897 1322 994 'sapientem

314 1038 460 1084 morem
476 1011 730 1100 desiderabat,
759 1015 802 1084 ut
828 1014 900 1083 nisi
926 1025 1009 1110 quse
1029 1025 1321 1112 precesserant,

313 1129 609 1214 comitabantur,
623 1129 970 1228 subsequebantur,
997 1132 1124 1201 omnia
1146 1130 1321 1204 conside-

313 1263 478 1335 rassent,
498 1272 546 1318 ne
571 1249 657 1318 satis
677 1245 876 1318 crederent
896 1267 975 1318 esse
1000 1250 1214 1344 quesitum-
1240 1251 1321 1318 Post
1346 1275 1349 1282 ⁴

260 1397 266 1402 ·
315 1367 395 1462 ejus
411 1379 578 1456 mortem,
599 1363 822 1462 prodierunt
843 1364 1013 1462 exempla
1032 1364 1124 1454 alia,
1154 1387 1319 1464 quorum

310 1483 465 1581 aliquod
478 1508 566 1554 oum
583 1483 666 1580 ipso
680 1483 1001 1584 communicatum
1019 1479 1131 1556 fuisse
1152 1494 1315 1582 apparet.

312 1601 381 1674 Illa
401 1616 526 1674 autem
539 1615 640 1671 certe
658 1600 789 1698 legisse
807 1621 885 1670 non
906 1602 1029 1698 potuit
1049 1619 1133 1698 quae
1152 1603 1194 1674 in
1209 1607 1316 1675 Cotu-

312 1721 454 1794 mercio
471 1732 614 1790 exstant
624 1716 899 1814 Litterario(1).
918 1723 963 1790 At
978 1719 1009 1790 si
1023 1720 1225 1817 potuisset,
1238 1718 1314 1816 plu-

310 1840 450 1910 rimum
474 1836 645 1934 quidem,
669 1833 707 1904 id
731 1833 835 1932 quod
854 1838 933 1934 ipse
954 1833 1070 1922 lario,
1096 1836 1311 1920 illustribus,

310 1971 348 2028 et
363 1956 468 2026 omni
485 1979 530 2024 ex
550 1967 656 2050 parte
674 1952 920 2050 suspiciendis
937 1943 1312 2027 observatoribusde

311 2072 473 2158 tulisset3
493 2084 656 2168 optasset
682 2085 807 2142 tamen
828 2067 995 2143 fortassis
1016 2095 1064 2142 ne
1091 2067 1168 2143 lere
1192 2059 1308 2144 omnia

246 2275 247 2278 Ἴ
310 2193 349 2260 in
370 2213 459 2260 sexu
484 2188 728 2286 contigissent
748 2187 795 2258 ad
816 2177 1024 2260 fallendum
1044 2210 1192 2287 prono,
1214 2186 1308 2288 quod

310 2307 462 2378 illorum
493 2305 629 2403 aliquis
655 2327 733 2376 non
759 2305 988 2395 dissimulat,
1013 2310 1180 2405 itemque
1206 2307 1307 2380 ut'in

308 2423 504 2494 nonnullis
524 2447 672 2495 vermes
689 2420 848 2496 fuissent
867 2423 1065 2523 descripti,
1088 2428 1127 2496 in
1148 2427 1229 2498 aliis
1244 2422 1306 2493 viri

310 2565 440 2614 revera
462 2542 654 2638 conspecti
681 2556 826 2631 essent,
851 2543 891 2612 in
914 2541 1142 2640 quibusdam
1163 2569 1211 2615 ne
1237 2557 1305 2615 tum

310 2660 513 2758 descriptio
538 2674 620 2730 tum
644 2660 790 2757 pictura
810 2661 1079 2758 polyposarum
1103 2661 1305 2732 concretioL

308 2805 403 2852 uum
429 2779 683 2876 suspicionem
714 2779 931 2874 injicerent.¹
945 2781 1052 2852 Nosti
1078 2782 1178 2851 enim
1203 2797 1304 2878 quam

256 2976 260 2986 ,
309 2890 610 2997 ipseessetvelin
621 2899 784 2994 propriis
797 2896 1304 2969 observationibushabeudis

309 3017 498 3113 suspicax,
519 3012 572 3102 et,
589 3016 619 3085 si
638 3016 715 3100 vis,
733 3011 906 3088 difficilis.
930 3021 1103 3087 Attamen
1121 3019 1166 3085 ‘iu
1189 3013 1303 3088 alienis

307 3133 562 3230 dijudicandis
592 3157 667 3203 suae
692 3109 1054 3205 cautasmorositaitis
1073 3135 1232 3204 asseclas
1250 3132 1303 3201 ha-

306 3250 391 3324 huit
409 3248 604 3322 Danielem
621 3246 810 3320 Clericum
830 3251 888 3348 (n)
902 3305 911 3340 ,
927 3253 1126 3350 ipsumque
1144 3252 1301 3323 Lochne·

314 3451 523 3466 m

345 3568 390 3646 (1)
410 3574 467 3626 An.
487 3570 572 3640 1731,
585 3586 663 3644 spec.
678 3589 725 3640 27,
739 3589 769 3624 u.
785 3568 813 3639 5,
829 3581 916 3626 etan.
933 3567 1026 3640 1734,
1037 3569 1128 3625 hebd.
1143 3570 1180 3644 39
1192 3579 1264 3644 post.
1275 3583 1298 3620 u,

261 3671 263 3676 '
307 3675 381 3742 4,et
394 3685 441 3725 sn.
459 3667 652 3740 1735‚hebd.
668 3668 704 3726 36
717 3710 725 3738 ‚
739 3689 768 3724 n.
784 3670 818 3740 3,
835 3679 864 3725 et
882 3687 931 3724 an.
948 3670 1039 3739 wls,
1055 3670 1146 3726 hebd.
1163 3675 1217 3745 49,
1232 3666 1297 3733 nd,

305 3781 338 3827 ut
351 3767 506 3825 omittatur
518 3785 566 3822 ana
584 3767 673 3838 1745,
686 3764 775 3825 hebd.
789 3777 822 3840 t,
836 3787 866 3824 n.
879 3779 937 3824 aet
949 3779 1011 3826 caet.
1094 3819 1100 3830 ,

344 3868 388 3945 (a)
410 3867 486 3926 Hist.
509 3868 566 3923 lat.
587 3868 736 3926 lumbrici-
752 3887 777 3926 c.
807 3870 841 3944 ιδ
863 3869 918 3927 nbi
936 3869 973 3927 de
987 3869 1116 3927 remib.
1137 3883 1204 3926 curn
1224 3866 1296 3925 urina

303 3987 381 4029 exer·
439 4045 442 4052 ,
