2968 4670
287 456 362 547 4αοΙ
439 476 496 564 na
523 475 667 523 sumnus
696 477 738 522 ur
764 477 886 525 causis
913 441 1121 543 uoaaoauu

285 611 396 684 quam
422 588 461 656 in
490 585 650 658 dextera.
677 590 809 684 Neque
835 588 943 658 aliam
966 564 1173 686 proferreni
1200 616 1286 662 cau„

285 705 381 791 sam,
397 703 651 776 curcirsocele
669 699 853 776 sinistrum
872 702 969 778 lotus
971 707 1060 796 fere
1072 731 1216 804 semper
1225 711 1285 798 afr

272 821 402 918 ficiat,
421 819 628 892 secundum
647 821 860 916 Arantii(1)
883 808 1181 925 observationes:
1201 848 1283 919 qua

282 953 428 1024 tamen,
448 952 488 1008 ut
506 953 543 1008 et
564 937 879 1034 superioresquas
892 939 1008 1010 modo
1022 937 1067 1009 de
1080 938 1284 1035 hydrocele
1350 933 1353 941 ⁴

281 1055 510 1140 memoravi,
542 1079 590 1124 an
629 1055 769 1128 caeteris
802 1057 941 1152 pariter
978 1055 1282 1128 observatoribus

262 1170 554 1270 ¹respondeant,
569 1171 608 1288 iq
627 1171 753 1242 medio
774 1172 959 1269 relinquo.
982 1169 1076 1256 Nam
1097 1189 1133 1245 et
1154 1174 1282 1271 plures

279 1289 551 1388 plerorumque
571 1313 666 1386 opus
681 1305 777 1360 esset
792 1288 908 1362 editas
925 1304 1067 1368 exstare
1087 1289 1156 1368 hac
1174 1289 1220 1362 de
1239 1315 1279 1362 re

278 1408 318 1480 iu
342 1423 505 1504 utroque
533 1407 668 1480 morbo
689 1405 985 1494 observationes,
1016 1423 1052 1478 et
1080 1407 1279 1505 quaslVal·

279 1524 426 1602 salvaxet
437 1550 507 1623 ego
519 1523 745 1612 habuimus,
763 1521 858 1595 forte
867 1523 1020 1612 accidit,
1039 1540 1081 1603 ut
1095 1527 1277 1622 quoeaein

277 1643 393 1744 latere
409 1641 543 1739 habitae
571 1643 664 1730 sint,
691 1667 769 1728 nou
788 1643 859 1714 nisi
875 1667 1031 1740 perraro
1054 1644 1101 1714 sit
1121 1641 1277 1714 adnota-

278 1775 370 1834 tum.
1134 1762 1148 1857 Ἰ

265 1899 266 1902 ’
327 1876 383 1952 35.
406 1864 782 1977 Sed'priusquam'de
804 1875 980 1966 cirsocele
1006 1900 1120 1972 pauca
1138 1876 1278 1968 adscri-¹

276 1994 495 2080 bamus‚·de
515 1973 801 2090 pnrurna'tocele
829 2007 864 2068 et
887 1992 932 2064 de
950 1992 1216 2082 „haematocelffi
1235 2007 1278 2066 ut

276 2113 493 2214 propositus
510 2109 607 2192 ordo
622 2111 675 2207 (a)
695 2109 879 2210 postulat,
900 2111 1020 2194 multo
1034 2112 1211 2210 pauciora
1225 2126 1277 2182 at*

276 2235 473 2330 tingamus.
486 2235 589 2320 Hanc
602 2231 701 2298 enim
722 2227 820 2321 haud
835 2227 1021 2334 ¹vidimus,
1039 2231 1179 2328 quippe
1191 2254 1277 2304 raro

277 2349 511 2444 diuturnam,
538 2362 580 2418 ut
598 2363 743 2442 caeterae.
756 2348 862 2434 Nam,
877 2371 963 2446 cum
978 2349 1128 2445 sanguis
1143 2348 1218 2418 sive
1233 2373 1283 2430 ex,

275 2467 432 2538 vulnere
455 2465 623 2560 inflicto,
649 2466 724 2536 sive
754 2490 798 2535 ex
825 2467 1019 2536 curatione
1047 2468 1086 2536 in
1112 2481 1277 2537 scrotum

276 2583 447 2680 defluxit,
476 2585 550 2654 cito
576 2579 745 2679 chirurgi
768 2575 953 2654 rationem
970 2585 1111 2680 ipsam,
1135 2583 1275 2656 nedum

271 2703 368 2780 Celsi
385 2702 439 2797 (3)
455 2713 687 2799 'praceptum
708 2701 845 2788 secuti,
863 2700 922 2776 ria
938 2697 1033 2772 facta
1057 2699 1275 2790 detrahunt.¹

270 2825 702 2918 Nonnunquamsstamen
723 2844 767 2900 eu
785 2819 957 2890 erosione
971 2817 1274 2904 membranarum

272 2938 437 3017 testiculi
464 2935 643 3008 notabilis
665 2942 786 3033 ,copia
807 2941 950 3020 cruenti
965 2935 1101 3006 ichoris
1125 2939 1274 3034 vagina-

274 3059 349 3154 lem
369 3055 534 3128 tunicam
553 3053 752 3141 distendit,
774 3069 834 3141 ut,
858 3053 1078 3153 haemona,
1104 3062 1276 3140 cumim-

265 3190 362 3275 petu
390 3187 615 3270 erumperet,
647 3170 968 3269 quemadmodum
995 3173 1146 3256 invenio
1173 3172 1275 3271 apud

272 3299 419 3372 Iustum
438 3288 688 3362 Schraderum
716 3289 782 3385 (Δ).
801 3290 1127 3362 Pneu'matocelem
1149 3307 1275 3362 autem

274 3413 304 3484 si
333 3411 384 3504 ita
405 3409 647 3504 accipiamus,
668 3422 710 3478 ut
733 3407 780 3490 ab
807 3431 891 3496 aere
910 3407 976 3492 fiat
1004 3410 1101 3480 intra
1120 3409 1274 3507 aliquod
