2790 4668
307 459 376 552 452
471 485 516 532 nr
543 482 689 530 srnraus
715 483 758 528 ar
784 479 908 530 cnusrs
934 483 1143 530 nonroann

307 599 562 674 flammatione
578 593 823 682 tenebantur,
850 619 870 664 a
893 591 1073 666 lateribus
1093 598 1300 693 praesertim.

305 723 348 788 In
378 714 534 812 singulis
556 714 656 784 enim
681 710 860 784 lateribus
884 735 922 782 se
950 711 1183 783 attollebat
1176 739 1214 782 tn
1238 715 1302 784 sin-

307 834 411 946 gulas
434 829 736 964 protuberantias
763 829 907 927 paulo
903 829 1042 900 minori
1063 855 1178 960 quam
1209 831 1304 928 digiti

304 951 453 1024 minimi
474 947 729 1020 crassitudine.
760 951 822 1016 Hae
852 943 898 1016 ab
926 947 1080 1044 regione
1104 948 1189 1018 imae
1216 947 1303 1019 basis

305 1065 490 1142 cricoidis
506 1065 730 1162 cartilaginis
766 1062 957 1161 profectae,
987 1077 1023 1134 et
1047 1065 1147 1135 inter
1182 1090 1303 1136 ascen·

303 1174 470 1258 dendum
491 1196 782 1279 convergentes‚
804 1206 849 1252 eo
869 1205 990 1278 usque
1016 1181 1302 1278 perveniebant,

303 1321 346 1376 ut
376 1301 609 1374 altitudinem
641 1298 900 1396 cartilaginum
934 1297 1209 1398 arytaenoidnm
1249 1300 1304 1371 ali-

303 1435 445 1520 quanto
457 1432 699 1517 superarent,
711 1414 759 1488 ab
778 1414 836 1488 his
852 1431 996 1502 tamen,
1014 1414 1062 1486 ab
1080 1441 1203 1514 eaque
1218 1443 1305 1490 sum-

301 1563 362 1610 ma
378 1537 542 1634 laryngis
560 1549 664 1633 parte
685 1534 843 1604 omnino
860 1534 1055 1628 sejunctae,
1077 1534 1236 1631 reliquae
1257 1536 1304 1604 in·

302 1653 431 1727 feriori
462 1654 704 1725 adhaerentes.
750 1654 834 1722 Duo
866 1649 1094 1721 inflammata
1129 1655 1304 1750 condylo-

302 1791 400 1845 mata
434 1797 513 1845 esse
548 1770 726 1857 dixisses,
751 1765 908 1844 formam
942 1785 978 1840 et
1003 1767 1175 1841 colorem
1217 1774 1304 1870 aspi-

256 1979 258 1984 ,
301 1893 427 1977 ciens,
458 1887 634 1962 eumdem
650 1886 823 1957 videlicet
842 1902 955 1983 atque
983 1885 1029 1956 ad
1049 1887 1301 1984 epiglottidem

300 2009 503 2105 descripsi,
520 2005 593 2076 nisi
606 2002 711 2102 quod
726 2004 765 2073 in
779 2003 837 2074 his
853 2003 936 2101 plus
953 2020 1031 2075 erat
1046 2029 1091 2074 ex
1110 2008 1302 2089 coccineo,

302 2128 429 2196 minus
448 2151 493 2196 ex
507 2121 623 2194 fusco.
658 2123 855 2194 Dissecans
880 2137 1005 2194 autem
1029 2122 1303 2211 membranam,
1387 2183 1388 2206 ,

302 2243 492 2318 et.acinos
526 2265 604 2312 esse
635 2237 736 2328 vidi,
771 2254 1006 2310 aremorato
1039 2244 1243 2338 sanguine,
1269 2257 1303 2312 et

302 2383 387 2432 sero
415 2372 625 2445 tumentes,
660 2356 774 2454 idque
799 2382 819 2426 a
844 2357 1002 2430 sinistris
1036 2360 1180 2456 magis:
1207 2359 1303 2456 quod

300 2477 398 2548 latus
423 2477 525 2547 utin
556 2474 714 2546 tonsillis
748 2499 901 2575 quoque
935 2489 971 2545 et
995 2477 1098 2545 tenui
1131 2479 1302 2574 meninge

299 2593 477 2684 diximus,
504 2593 621 2689 magis
649 2588 825 2680 affectum
854 2587 932 2661 fuit.
958 2589 1080 2663 Habes
1111 2618 1229 2689 quarn
1253 2619 1303 2666 se·
1385 2671 1386 2698 ,

300 2709 386 2783 dem
411 2710 526 2806 hujus
557 2711 721 2806 anginae,
749 2723 786 2778 et
818 2733 930 2805 quam
967 2723 1140 2818 naturam
1174 2711 1303 2811 depre·
1385 2709 1386 2730 ¹

298 2827 509 2900 henderim.
542 2825 758 2896 In'thorace
784 2851 907 2922 neque
925 2826 1087 2922 turgidi,
1107 2851 1236 2926 neque
1256 2832 1302 2900 in·

298 2945 477 3018 flammati
512 2957 619 3017 erant
657 2943 881 3042 pulmones,
911 2944 975 3016 sed
1011 2946 1172 3016 omnino
1203 2951 1300 3020 sani:

298 3087 516 3162 quanquam
537 3075 579 3132 ut
608 3059 654 3130 de
687 3061 827 3132 caeteris
856 3060 1087 3134 membranis
1114 3063 1210 3156 dixi,
1239 3067 1301 3138 illae
1383 3071 1384 3080 ²

297 3206 452 3279 quoque
473 3205 518 3250 ex
535 3176 697 3276 quibus
689 3179 760 3275 ipsi
778 3192 1070 3268 construuntur,
1088 3184 1300 3256 secantibus

296 3315 360 3372 aut
377 3295 673 3370 distrahentibus
701 3295 963 3367 renitebantur
979 3299 1095 3395 magis
1109 3323 1226 3396 qnam
1245 3327 1299 3374 so-

296 3417 392 3503 lent,
404 3431 440 3486 et
453 3416 602 3486 sinister
621 3415 828 3486 arctissime
842 3403 963 3490 fuerat
978 3439 1062 3484 curn
1072 3417 1209 3513 pleura
1222 3444 1300 3490 con·

297 3557 528 3620 nexus‚cum
542 3531 672 3603 dexter
692 3547 788 3602 esset
805 3532 963 3602 omnino
988 3531 1144 3606 solutus.
1158 3541 1203 3606 In
1213 3538 1298 3636 peri·

296 3650 425 3724 cardio
457 3650 651 3746 paululum
674 3673 779 3746 aquae
794 3647 864 3719 furt
886 3648 1058 3721 rubentis
1069 3675 1233 3750 ,neque
1264 3653 1295 3722 id

296 3783 396 3838 certe
405 3765 452 3836 ab
465 3765 645 3836 admisto
637 3782 735 3836 mter
750 3739 995 3837 incidendum
1009 3770 1213 3868 sanguine:
1225 3785 1295 3842 erat

295 3885 395 3954 enirn
409 3883 472 3952 illa
486 3907 626 3978 aquavr
616 3880 811 3980 frigoris
804 3909 841 3952 m
852 3884 1018 3966 lamellas
1044 3904 1222 3960 concreta
1248 3889 1295 3988 in-

293 4001 383 4074 time
400 3997 589 4072 rubentes
606 4004 650 4070 In
666 3999 780 4071 corde
798 4001 902 4097 quod
916 4026 1025 4098 aequo
1041 4004 1224 4100 amplius,
1241 3979 1292 4076 vel
