2814 4674
324 472 372 562 94
497 485 543 534 nn
570 465 714 534 sucinos
740 485 783 531 nr
809 485 932 533 cios1s
958 488 1169 540 nonnosum

320 619 467 688 rentes,
492 625 534 672 ac
561 601 636 671 cuti
659 601 789 671 solent.
815 601 897 690 Qua
915 625 1004 672 vero
1033 627 1078 672 ex
1097 627 1216 680 causa
1235 607 1329 680 intra

319 719 512 792 testiculos
523 718 589 815 pili
604 733 821 804 nascantur,
839 719 868 789 si
882 719 960 788 veri
971 707 1123 815 quidem
1136 721 1210 817 pili
1226 740 1330 812 sunt,
1380 759 1381 766 .

319 837 472 908 difficile
494 851 548 908 est
572 834 724 906 dicere:
754 859 824 907 nec
852 833 1041 908 difficilius
1067 852 1199 910 tamen
1220 867 1329 938 quam
1369 828 1374 836 ’

318 957 417 1026 intra
438 968 562 1051 partes
580 953 677 1024 alias.
694 955 787 1024 Nam
803 969 840 1026 et
855 943 1053 1026 Cornelius
1067 956 1201 1028 Celsus
1216 957 1276 1056 (r)
1290 961 1325 1030 in

318 1072 530 1170 thyroidaeae
556 1071 739 1171 glandulae
763 1070 973 1142 tumoribus
1000 1072 1190 1146 interdum
1220 1081 1329 1148 etiem

319 1195 469 1261 minutis
496 1191 637 1260 ossibus
649 1188 754 1286 pilos
786 1195 962 1260 immistas
985 1190 1130 1262 includi
1157 1187 1327 1290 scripsit,

230 1301 232 1304 ’
317 1321 354 1378 et
369 1307 451 1394 alii,
471 1305 609 1377 laudati
630 1329 650 1375 a
668 1306 733 1375 cel.
753 1307 920 1377 Heistero
939 1305 1014 1402 (n),
1046 1307 1162 1396 alibi,
1192 1324 1238 1380 ut
1261 1331 1325 1380 nos

317 1424 390 1520 ipsi
409 1424 463 1519 (3)
481 1426 578 1494 intra
602 1443 819 1520 processum
840 1438 1094 1496 transversum
1117 1425 1324 1498 viderimus

319 1542 508 1613 crassioris
519 1539 663 1612 cerebri
678 1540 872 1636 meningis.
890 1539 961 1611 Sed
972 1539 1217 1639 haecquoqun
1232 1543 1321 1640 epis·

317 1659 393 1730 tola
405 1660 480 1755 jam
499 1659 648 1755 longior
664 1671 738 1742 est;
763 1671 805 1727 ut
828 1655 1034 1728 videndum
1059 1658 1174 1731 nohis
1198 1659 1321 1757 potius

318 1779 383 1864 sit,
403 1773 725 1874 quemadmodum
740 1795 808 1870 per
821 1772 1121 1848 observationem
1138 1776 1321 1874 aliquam,

318 1919 400 1992 quae
415 1893 592 1964 Valsalvae
607 1891 661 1960 illi
673 1891 811 1960 ultima
822 1889 874 1987 (ί.)
885 1893 1111 1990 respondeat
1120 1947 1132 1980 ,
1142 1891 1261 1966 finem
1276 1889 1319 1963 la-

316 2015 468 2083 ciamus.
489 2011 567 2080 Erit
584 2007 682 2095 haec,
703 2010 732 2078 si
753 2033 831 2078 non
855 2010 1023 2107 prolapsi
1036 2011 1263 2098 ventriculi,
1287 2023 1320 2080 at

314 2131 481 2228 prolapsi
500 2128 627 2214 lienis,
655 2125 702 2196 ab
733 2126 977 2225 ejusdemque
997 2127 1201 2202 Manfrodii
1225 2128 1327 2230 acci-⁸

313 2249 438 2345 pietur
454 2245 584 2316 litteris
601 2244 896 2334 humanissimis,
923 2245 1061 2342 quibus
1085 2271 1188 2318 anno
1212 2244 1315 2344 1718,

313 2379 357 2435 ut
372 2364 464 2434 duas
479 2387 557 2432 non
570 2361 741 2460 vulgares
756 2363 860 2452 alias,
880 2363 952 2434 alio
965 2377 1136 2462 tempore
1151 2363 1224 2436 tibi
1241 2363 1315 2442 des-

315 2482 470 2578 criptas,
490 2481 540 2550 ita
559 2479 657 2551 hanc
677 2481 818 2577 pariter
831 2458 1134 2552 communicavit.

363 2605 419 2687 42.
441 2599 509 2669 Vir
534 2613 612 2671 erat
636 2599 697 2668 cui
718 2613 850 2670 venter
879 2599 926 2669 ad
949 2612 1155 2696 utrumque
1177 2601 1311 2695 inguen

312 2715 490 2788 tumebat.
520 2715 590 2786 Sed
605 2731 732 2787 tumor
742 2718 908 2805 sinister,
926 2741 1040 2814 quem
1053 2717 1226 2788 herniam
1239 2735 1311 2786 esse

311 2833 525 2924 constabat,
545 2857 628 2906 cunr
645 2848 824 2921 mortem,
840 2835 914 2905 ileo
926 2833 1097 2922 inducto,
1112 2834 1309 2915 attulisset,

310 2954 546 3037 occasionem
566 2950 724 3049 praebuit
749 2951 912 3038 sciendi,
939 2950 1032 3048 quid
1058 2967 1153 3024 esset
1174 2950 1307 3021 dexter.

309 3073 449 3141 Ventre
464 3071 564 3140 enim
581 3068 779 3166 adaperto,
796 3068 870 3139 lien
888 3067 934 3140 ad
952 3059 1093 3168 inguen
1111 3067 1304 3140 dexterum

308 3188 484 3258 inventus
506 3201 579 3272 est,
605 3185 723 3273 unde,
743 3187 984 3284 quantumvis
1007 3209 1193 3259 concusso
1212 3186 1305 3254 inter

309 3303 518 3376 eruendum
538 3329 557 3374 e
583 3294 782 3400 sepulchb
806 3304 1001 3394 cadavere,
1021 3305 1205 3411 dimpveri
1231 3321 1304 3370 non

307 3437 490 3520 potuerat.
510 3423 601 3493 Lien
626 3423 656 3492 is
677 3418 746 3494 tuit
761 3422 931 3518 pondere
962 3421 1142 3494 librarum
1162 3419 1304 3494 circiter

377 3738 387 3817 )
410 3745 459 3796 Me
471 3739 547 3794 med.
562 3741 580 3793 l.
596 3760 623 3811 7,
637 3760 661 3796 c.
680 3741 725 3796 13.

376 3839 388 3916 )
408 3841 502 3912 Epist.
518 3839 554 3893 de
566 3840 650 3912 pilis,
664 3849 718 3895 etr.
735 3840 773 3895 ad
787 3843 940 3898 Paverum.
991 3851 992 3854 ’

378 3937 389 4014 )
410 3937 502 4010 Epist.
525 3949 602 3992 artat.
619 3955 671 4009 20,
688 3958 718 3996 n.
733 3937 780 3994 58.

377 4033 386 4110 )
409 4037 522 4110 Supra,
541 4056 569 4090 n.
585 4047 628 4102 14.

333 3741 356 3820 ·(

343 3839 356 3918 l

346 3939 357 4014 l

345 4035 355 4112 l

361 3762 373 3796 1

358 3858 374 3894 2

360 3940 375 3994 3

359 4044 372 4102 l
