2746 4674
309 431 378 528 ¹94
468 449 514 498 os
539 445 685 498 smnus
709 445 754 496 ιτ
777 444 902 498 crusis
927 439 1136 498 nonnonuu

225 611 229 622 ·
301 565 672 658 Smetius(1)‚quam
684 559 931 658 Hildanns(1)
944 561 1300 650 invenerinuhaber

300 681 340 754 in
367 683 468 779 ipso,
495 703 543 750 ne
572 679 720 776 longius
740 693 777 749 te
796 677 1006 767 abducam,
1034 679 1298 778 Sepulchretm

298 800 416 873 ubist
436 797 506 868 alia
526 793 631 866 facite
650 796 813 892 reperies
831 794 963 867 eodem
976 799 1193 894 spectantia.
1214 803 1298 869 For·

297 931 393 988 tasse
413 929 449 985 et
464 913 565 984 iilius
586 908 712 982 adhuc
736 912 971 1001 memineris,
989 937 1103 1010 quam
1121 914 1211 985 otim
1227 918 1265 986 in
1281 919 1296 984 1

297 1033 455 1132 epistola
481 1029 689 1102 anatomira
707 1029 783 1127 (³),
799 1051 820 1098 e
839 1051 899 1100 me
920 1029 1196 1128 deprehensam
1222 1057 1295 1104 non

297 1171 404 1223 secus
421 1147 468 1220 ed
484 1147 685 1218 urinariam
705 1165 819 1244 quem
832 1146 870 1218 in
889 1143 995 1220 iodea
1014 1150 1134 1220 vesica
1154 1173 1292 1248 propo·

297 1272 364 1341 sni,
392 1269 457 1357 tn,
478 1264 648 1364 quamvis
664 1261 950 1334 tuberculorum
965 1287 1048 1364 quaa
1069 1267 1108 1337 in
1128 1267 1293 1338 urinario

295 1385 524 1458 oboriuntur
539 1397 665 1454 meatu
684 1403 957 1480 supervacuum
973 1383 1020 1455 sit
1032 1384 1203 1482 exempla
1213 1407 1290 1483 pro

295 1504 457 1590 ducere,
478 1525 564 1573 cum
579 1501 618 1570 in
630 1499 722 1598 ipsis
737 1499 974 1597 Hippocratis
995 1499 1223 1598 aphorismis
1239 1500 1289 1598 (d)

293 1644 424 1696 eorum
452 1618 547 1690 facta
577 1619 626 1689 sit
654 1616 815 1703 mentio,
847 1631 884 1686 et
911 1617 1196 1714 suppurationis
1229 1643 1291 1717 per

291 1763 404 1838 qttam
420 1737 623 1822 tolluntur3
644 1749 769 1805 tamen
790 1757 869 1803 non
889 1727 1057 1804 futurum
1078 1721 1148 1806 tibi
1169 1736 1290 1833 ingra-

291 1875 370 1930 tum
385 1853 604 1938 credidero,
627 1852 656 1922 si
677 1848 724 1920 ad
744 1847 937 1922 historiam
962 1875 1073 1923 sacrae
1096 1851 1199 1924 iilius
1221 1853 1289 1924 vir·

276 2059 277 2064 Ἰ
290 1975 386 2072 ginis
401 1993 482 2069 queo
497 1970 578 2040 dies
592 1967 704 2039 vat
721 1965 939 2064 clysmatum
951 1969 1200 2039 nutrientium
1211 1993 1290 2068 ope,
1357 2067 1358 2072 ἵ

288 2089 510 2161 Romanuino
528 2084 582 2183 (5)
598 2084 824 2156 medicinam
848 2082 1025 2174 faciente,
1049 2099 1192 2157 servata
1211 2084 1287 2157 fue*
1357 2155 1358 2184 ἶ

288 2222 362 2295 rat,
381 2205 454 2275 hoc
479 2225 632 2302 quoquc
660 2199 794 2273 addam
819 2202 922 2300 quod
946 2202 995 2274 ab
1030 2204 1113 2302 ipso
1141 2205 1287 2302 accepi,

288 2322 458 2395 eamdem
478 2321 649 2392 videncet
667 2343 752 2392 cum
773 2335 902 2418 postea
922 2320 1002 2392 lotii
1019 2323 1284 2420 suppressione

221 2467 223 2474 ’
287 2456 460 2540 correpta
477 2453 592 2522 esset,
612 2436 811 2508 catheteris
833 2451 955 2510 autem
977 2453 1165 2510 recusaret
1188 2441 1285 2511 auxi·

285 2559 398 2646 lium,
416 2579 456 2629 re
476 2569 560 2655 post
574 2555 653 2628 dies
672 2555 817 2652 aliquot
826 2555 876 2626 ad
893 2571 1101 2627 extremum
1116 2555 1284 2643 deducta,

285 2679 434 2748 unirtam
451 2675 563 2745 simul
577 2695 667 2743 cum
682 2695 776 2770 pune
788 2673 1019 2757 non'multo‚
1035 2697 1109 2743 nec
1122 2673 1202 2744 ulio
1219 2673 1284 2744 nisi

284 2791 447 2864 urethrae
463 2790 596 2890 dolore
614 2789 784 2860 emittere
797 2789 976 2886 coepisse,
993 2803 1107 2886 atque
1120 2790 1171 2860 ita
1187 2813 1284 2860 mor·

283 2909 324 2985 bi
343 2933 491 2985 causam
514 2908 624 2990 fuisse
644 2904 884 3005 tuberculum
909 2906 948 2975 in
966 2904 1120 2977 urethra
1138 2921 1283 2990 natum,

285 3027 503 3098 ostendisse.
520 3025 636 3119 Cujus
650 3038 692 3093 ut
707 3037 922 3120 opportuna
941 3024 1164 3122 suppuratio
1186 3047 1281 3096 mor·

282 3141 374 3214 bum
397 3141 561 3228 sustulit,
590 3141 642 3209 sic
671 3138 926 3210 remediorum
953 3161 1035 3236 quae
1061 3161 1176 3236 snpra
1198 3135 1279 3212 dixi·

281 3276 387 3346 mus,
400 3259 631 3328 irritamenta
651 3254 896 3327 adauxissent.
915 3255 986 3327 Sed
1009 3253 1206 3328 tubercula
1224 3268 1277 3328 ta·
1356 3327 1357 3334 ,

384 3590 463 3646 Sect.
479 3588 536 3658 25,
556 3591 619 3647 obs.
639 3610 666 3660 1,
686 3593 743 3660 54.

382 3690 450 3745 Ibid
463 3690 494 3743 in
507 3686 600 3746 schol.
613 3690 652 3746 ad
665 3693 681 3758 5
698 3708 725 3744 n.

382 3889 419 3944 82
433 3897 504 3944 sect.
521 3894 553 3956 a,
570 3897 599 3942 et
612 3884 650 3962 59
666 3898 735 3945 sect.
751 3905 777 3958 7.

380 3987 540 4046 Constitue.
554 3987 680 4062 cpidem.
693 3987 761 4043 urb.
775 4005 824 4042 an.
840 3987 913 4061 1691
925 4028 933 4056 ,
945 4008 974 4042 n.
990 4005 1037 4043 nn.
