2726 4676
652 316 653 339 i

652 352 654 386 l

121 442 189 490 nra.
217 443 276 490 111.
306 425 840 502 ornonnsvrnrms,rr1sr.
868 441 957 488 xxn.
988 419 1058 514 269

55 551 193 626 inficias
211 555 338 643 ivero,
356 577 465 652 posse
489 550 681 624 interdum
704 575 793 624 acus
817 577 910 650 quas
939 555 1062 625 vesica

52 684 143 741 totas
158 671 371 768 receperit,
387 671 438 740 ita
458 694 496 741 se
514 683 751 756 convertere,
775 684 816 738 ut
834 671 973 766 pariter
992 695 1061 768 per

54 801 215 858 meatum
238 802 372 859 exeant
391 788 612 858 urinarium.
633 789 710 855 Cur
725 810 815 855 vero
829 785 974 856 duabus
988 787 1060 858 illis

57 929 144 1000 quas
156 905 362 976 novissime
373 903 609 989 dicebamus,
627 903 725 972 intra
738 901 953 998 quindecim
968 902 1063 988 dies,-

57 1021 126 1091 imo
143 1022 247 1092 intra
267 1045 434 1094 mensem
454 1019 549 1090 nihil
567 1018 762 1090 adhaeserit
775 1019 968 1108 calculosae
982 1045 1061 1092 ma·

58 1139 171 1226 teriae,
189 1163 307 1234 quam
323 1139 443 1222 multo
464 1136 630 1209 breviori
653 1137 772 1234 spatio
797 1137 877 1208 aliis
891 1123 1060 1211 adhaesis'·
1100 1161 1102 1168 ’

59 1278 92 1326 se
114 1257 315 1344 novimus,
345 1255 448 1326 haud
474 1279 550 1324 una
573 1268 697 1352 potest
721 1278 800 1325 esse
827 1257 1062 1327 musellam

59 1395 174 1468 neque
201 1371 383 1443 omnibus
409 1373 519 1443 urina
543 1396 647 1467 aeque
676 1385 731 1441 est
757 1368 844 1442 foeta
872 1371 1063 1468 particulis

63 1486 103 1556 ad
126 1488 409 1561 subsistendum
439 1488 748 1586 gignendumque
767 1488 953 1560 calculum
977 1489 1062 1559 ido·

60 1607 152 1695 neis,
170 1623 209 1678 et
224 1608 304 1679 aliae
324 1606 463 1678 diutius
480 1607 612 1678 lotium
633 1607 818 1693 retinent,
839 1606 917 1676 aliae
935 1629 1059 1691 secus,

63 1737 94 1792 et
105 1723 173 1794 alia
189 1724 351 1795 aliarum
364 1747 500 1794 acuum
517 1724 671 1793 materia
684 1737 740 1794 est
753 1737 818 1794 aut
833 1721 1060 1820 superficies.

64 1838 114 1908 Sic
129 1857 346 1940 argenteam
364 1865 474 1912 acum
495 1839 546 1911 ob
561 1838 601 1909 id
617 1842 741 1938 ipsum
762 1838 866 1936 quod
885 1854 1062 1937 argentea

62 1959 480 2054 esset,Vallisnerius(1)
495 1958 648 2052 conjicit
662 1959 741 2028 siue
755 1956 830 2026 ulla
848 1957 982 2028 calculi
994 1955 1060 2027 ad-

65 2069 131 2143 dita
161 2079 408 2148 concretione
434 2101 454 2147 e
475 2076 598 2146 vesica
619 2073 731 2146 fuisse
751 2073 923 2146 eductam
946 2102 954 2143 :
980 2099 1061 2172 quae

64 2201 179 2264 tamen
198 2195 417 2289 conjectura
434 2191 650 2264 credibilior
674 2191 758 2278 fiet,
781 2193 810 2264 si
831 2193 912 2264 aliis
937 2217 1062 2263 exem-

66 2306 128 2402 plis
144 2309 442 2384 confirmabitur.
455 2312 513 2382 Sic
527 2311 808 2408 adasperiorem
824 2309 1062 2408 superficiem

67 2421 198 2501 facilius
216 2429 366 2501 videtur
382 2429 573 2501 concretio
592 2428 806 2516 atlhaesura,
821 2455 936 2526 quam
947 2430 994 2500 ad
1002 2455 1064 2527 po·

67 2527 265 2618 litissimam
286 2574 294 2615 ε
314 2563 350 2617 et
376 2547 465 2616 hinc
494 2543 648 2616 forsitan
677 2545 772 2617 ratio
801 2533 963 2642 peteiida
987 2564 1063 2636 est,

70 2680 129 2728 cur
144 2663 374 2760 plerumque
387 2687 500 2734 unam
515 2687 651 2733 acuum
661 2679 806 2759 partem
821 2663 985 2734 calculus
996 2663 1064 2734 ob-

72 2772 193 2870 ducat,
213 2781 396 2876 reliquam
427 2777 569 2850 nudam
592 2781 749 2849 omnino
769 2779 976 2875 relinquat,
995 2781 1064 2849 ita-

70 2915 134 2986 que
153 2897 198 2970 de
216 2897 363 2968 duabus
381 2921 542 2994 quarum
558 2895 738 2968 cadavera
752 2897 916 2992 inspexi,
929 2896 1063 2992 puellis

70 3007 103 3078 in
121 3015 246 3108 priore
270 3017 431 3086 vesicam
453 3039 542 3086 acus
560 3013 787 3113 capitulum,
804 3013 843 3082 in
857 3011 927 3082 hac
949 3012 1062 3084 altera

70 3149 219 3204 acumen
244 3131 505 3230 perforaverit,
533 3131 637 3229 quod
661 3133 700 3200 in
720 3131 781 3200 illa
806 3131 949 3226 partem
978 3129 1064 3200 infi-

72 3266 160 3318 mam
188 3249 343 3323 fortasse
371 3251 625 3347 asperiorem,
657 3250 697 3318 in
722 3248 793 3318 hac
820 3247 869 3318 ob
893 3249 1062 3319 eamdem

74 3384 209 3438 causam
227 3368 445 3466 oppositum
464 3383 672 3438 extremum
698 3367 892 3436 concretio
921 3362 1065 3436 facilius

74 3477 255 3557 obtexerit.
291 3491 344 3556 Ex
368 3485 413 3555 iis
439 3499 565 3556 autem
595 3479 745 3554 feminis
774 3507 856 3578 quae
881 3485 1065 3554 intrusam

75 3616 191 3692 acum,
210 3602 468 3699 eduatumque
479 3601 568 3672 huic
581 3601 767 3672 calculum
776 3625 856 3670 non
872 3601 1065 3671 modicum

82 3787 1066 3838 wm-

115 3964 150 4044 l1)
170 3973 241 4032 Oba.
258 3975 320 4032 cit..

1083 244 1092 284 l
