2726 4676
90 465 158 512 am.
188 463 243 510 111.
273 461 320 510 nn
345 459 482 508 nonats
502 459 673 524 vaurms,
699 461 811 506 artsr.
838 460 925 506 xttt.
956 434 1025 506 285

28 577 230 648 anatomica
255 599 275 645 a
301 599 361 646 me
382 573 550 659 erudito,
575 596 652 643 non
680 571 799 642 multo
819 588 905 669 post
934 587 1025 644 tem·

28 698 336 791 pore.narratu1n
364 707 439 778 est,
483 715 596 787 quam
625 689 687 760 illa
710 689 826 760 altera
855 689 1026 776 obierat,

29 812 126 906 cnjus
147 809 218 880 tibi
236 810 443 880 sectionem
462 806 643 904 descripsi
671 806 734 901 (a).
759 811 852 878 Cum
878 805 1027 895 sedens,

31 927 119 998 idem
142 926 249 1024 quod
267 926 329 999 illa
347 923 550 1011 factitaret,
568 947 657 994 acus
675 938 799 994 antem
817 924 1024 1020 capitulum

31 1058 128 1114 tantae
158 1040 443 1140 propemodum
479 1039 735 1112 crassitudinis
767 1055 907 1136 quanta
942 1065 1027 1110 ure-

32 1160 104 1230 thra
123 1175 200 1248 est,
227 1161 267 1230 in
299 1159 397 1230 hanc
436 1157 546 1228 altius
572 1158 799 1245 intrusisset,
827 1158 1027 1255 repentino

33 1278 147 1348 matris
166 1277 385 1348 interventu
398 1274 587 1372 perculsa,
609 1274 720 1346 simul
732 1273 871 1344 dimisit
887 1328 896 1364 ,
915 1273 1028 1346 simul

34 1393 196 1466 altissime
215 1392 433 1490 absorptam
445 1391 568 1464 sensit.
587 1393 675 1462 Dies
692 1393 754 1460 vix
768 1401 930 1488 quatuor
947 1416 1028 1461 mo·

35 1510 143 1582 lestias
174 1511 404 1607 doloresque
432 1511 541 1580 tacita
574 1508 755 1605 pertulit,
794 1511 927 1604 quinto
946 1533 1027 1578 rem

36 1629 150 1717 matri,
169 1627 252 1698 haec
269 1629 303 1698 ei
322 1652 435 1724 quem
456 1627 548 1714 dixi,
568 1625 747 1723 chirurgo
775 1626 930 1722 aperuit.
953 1627 1028 1716 Qui

38 1769 73 1814 ex
87 1747 302 1841 punctionis
320 1744 366 1815 de
387 1767 461 1841 qua
487 1767 583 1841 aegra
601 1743 762 1814 maxime
781 1742 1028 1839 querebatur,

41 1860 111 1932 sede
125 1864 333 1959 conjiciens
354 1885 442 1932 acus
466 1859 635 1931 infimam
659 1875 804 1958 partem
824 1862 923 1932 circa
946 1884 1029 1932 ure-

40 1975 116 2048 thrae
136 1979 316 2050 medium
344 1977 494 2048 infixam
524 1976 683 2066 haerere,
702 1979 860 2064 veritus,
890 2003 936 2048 ne
954 1979 1030 2050 ins-

42 2107 216 2169 trumento
232 2097 360 2194 aliquo
384 2097 423 2166 in
444 2095 541 2166 hanc
561 2097 750 2188 immiss0‚
769 2120 858 2168 acus
880 2098 918 2166 in
934 2099 1029 2170 vesi-

43 2230 107 2280 cam
131 2216 283 2310 penitus
305 2212 614 2330 compelleretpr,
647 2212 922 2302 annuentibus,
950 2214 1036 2285 imo¹

44 2329 247 2424 rogantibus
271 2345 308 2400 et
325 2330 450 2428 puella
475 2345 511 2400 et
530 2344 671 2416 matre,
694 2355 790 2418 iano,
809 2355 896 2400 mox
920 2346 956 2400 et
978 2331 1030 2402 al-·

45 2455 109 2514 tero
123 2447 240 2544 digito
258 2449 399 2544 vaginae
414 2445 561 2534 indite,
584 2471 692 2518 acum
717 2473 795 2518 non
816 2448 949 2542 majori
972 2449 1028 2517 in·

45 2556 165 2634 dustria
182 2589 297 2663 quam
316 2562 490 2636 felicitate
508 2565 558 2634 ita
577 2564 755 2645 decussit,
778 2580 819 2636 ut
835 2568 959 2664 cuspis
981 2565 1028 2638 ad

46 2679 186 2752 urcthrae
224 2679 411 2752 orificium
453 2706 491 2752 se
531 2681 767 2769 ostenderet,
799 2681 1028 2780 volsellaque

47 2794 212 2886 prehendi
229 2814 365 2896 posset.
385 2798 444 2869 Sic
457 2797 622 2887 duabus,
640 2798 741 2870 haud
754 2800 930 2896 amplius,
950 2825 1030 2870 san-

47 2912 149 3003 guinis
164 2917 318 3014 guttulis
333 2915 609 3004 excidentibus,
626 2917 810 3014 nulloque
831 2917 1028 3013 superstite

48 3024 407 3121 incommod0‚acus,
423 3057 536 3130 quam
555 3033 601 3103 ad
620 3059 679 3104 me
700 3034 843 3122 attulit,
857 3049 1029 3132 exempta

50 3161 100 3214 est.
117 3152 200 3222 Erat
219 3150 300 3238 illa,
335 3167 397 3220 aut
421 3166 520 3222 certe
547 3150 745 3223 videbatur
764 3167 940 3240 stannea,
962 3155 1031 3224 cri-

51 3261 142 3354 nalis,
170 3283 332 3366 quatuor
366 3267 503 3364 digitos
533 3283 764 3341 transversos
791 3270 924 3366 longa,
948 3294 1031 3342 cus·

53 3377 123 3469 pide
136 3400 310 3480 peracuta
328 3411 334 3454 :
351 3385 505 3482 jamque
522 3385 584 3457 hic
605 3386 680 3456 illic
699 3385 891 3486 quidpiam
907 3387 1032 3459 adhae·

53 3513 119 3565 rere
134 3505 285 3599 coepisse
303 3517 469 3574 tartareae
488 3505 666 3592 materiae,
692 3528 780 3576 mox
809 3521 949 3576 temere
968 3505 1034 3576 de·

55 3618 139 3684 tersae
155 3670 163 3704 ,
179 3619 377 3718 chirurgus
390 3619 720 3692 animadverterat.

54 3822 1037 3858 *uu—*mm

91 3980 126 4059 (a)
144 3990 177 4045 N·
199 4013 244 4059 ao.
