2746 4674
285 436 353 512 116
405 433 409 440 ’
446 465 493 510 aa
518 462 665 512 scamus
689 464 734 510 rr
754 461 883 512 cauus
909 461 1122 514 moruorum

279 604 379 654 ame
403 579 473 652 tihi
494 579 574 652 aliis
589 580 666 676 jam
683 579 818 652 litteris
840 579 896 676 (1)
927 575 1038 653 fuisse
1059 579 1292 680 descriptas,

280 712 317 768 et
336 721 380 767 ex
391 693 564 768 affixione
577 695 843 794 appendicium
857 695 1153 795 diaphragmati's
1165 698 1293 785 ,actio-

278 839 367 886 nem
386 814 432 886 ad
453 814 520 886 has
535 837 671 901 causae,
699 815 738 882 in
757 813 914 886 thorace
932 813 1080 886 latentis
1093 859 1109 903 ‚·
1129 837 1216 888 esse
1234 835 1303 884 ex-'

206 915 209 922 ¹
280 933 477 1031 plicatam:
498 956 575 1029 quo
588 930 743 1002 sortasse
754 932 887 1003 Jacotii
904 955 1059 1030 quoque
1075 930 1293 1004 observatio

279 1049 432 1138 attinet,
449 1051 487 1119 iu
505 1075 581 1120 uua
596 1074 641 1120 cx
657 1049 839 1146 proximis
852 1047 1090 1148 Sepulchrcti
1108 1049 1292 1122 sectioni·

280 1163 353 1236 bus
369 1163 423 1261 (a)
440 1165 607 1263 legenda.
630 1163 744 1256 Quod
761 1167 794 1236 si
813 1189 922 1237 causa
934 1165 1055 1236 locata
1076 1180 1186 1236 extra
1205 1188 1294 1235 ven·

281 1284 349 1360 tris
369 1307 503 1354 cavum
523 1280 732 1356 efficereid
754 1295 901 1380 potest,
929 1298 1074 1380 quanto
1093 1284 1221 1381 magis
1247 1306 1292 1353 cc
1357 1293 1358 1308 *

281 1385 466 1502 poterunt
485 1425 568 1497 quaa
590 1415 655 1472 aut
672 1399 869 1497 inlu'mbis
882 1402 995 1499 ipsis,
1008 1416 1073 1472 aut
1092 1401 1133 1472 in
1153 1399 1294 1472 ventris

282 1536 389 1620 parte
409 1520 535 1617 aliqua
551 1520 625 1592 sint
648 1517 787 1590 lumbis
810 1517 943 1606 adsita,
967 1533 1032 1590 aut
1054 1517 1101 1590 ad
1122 1542 1191 1591 eos
1217 1516 1293 1588 alli-

283 1638 392 1737 gata?
411 1635 566 1709 Videbis
585 1659 646 1708 eas
663 1659 791 1708 causas
811 1633 910 1720 lusa,
934 1650 976 1708 et
998 1635 1219 1736 singillatim
1237 1659 1293 1704 re·

284 1757 444 1827 consitas
463 1756 501 1825 in
520 1753 668 1826 Riolani
685 1753 930 1826 Encheiridio
949 1777 994 1824 eo
1013 1755 1135 1853 capite
1156 1778 1204 1825 ex
1220 1773 1293 1849 quo

282 1875 406 1948 relatae
422 1873 563 1943 suntin
582 1871 679 1960 hanc
700 1873 806 1941 XXII
824 1870 1059 1968 Sepulchreti
1087 1872 1291 1944 sectionem

283 1989 435 2064 scholiis
452 1988 499 2059 ad
513 1986 592 2059 obs.
612 1987 658 2059 38
677 1988 855 2084 primam;
871 1987 971 2060 idem
983 1989 1085 2061 euim
1100 2013 1174 2087 per
1190 1990 1289 2058 incu-

282 2109 377 2180 riam
397 2107 577 2205 repetitus
597 2119 652 2176 est
667 2129 868 2177 numerus:
888 2104 1086 2204 plerasque
1107 2121 1237 2179 autem
1252 2105 1288 2172 in

286 2223 416 2298 eadem
454 2223 617 2294 sectione
642 2222 820 2320 exemplis
850 2221 1138 2322 comprobatas,
1174 2238 1217 2296 ut
1235 2243 1287 2292 ex

285 2341 558 2415 rheumatismo
574 2338 793 2410 lumborum
808 2338 887 2412 ohs.
905 2365 970 2437 293
985 2366 1030 2413 ex
1045 2365 1129 2414 sero
1147 2343 1189 2412 in
1202 2341 1289 2412 lum-

285 2457 435 2530 barium
445 2455 703 2528 vcrtehrarum
718 2457 810 2528 tubo
824 2456 903 2528 obs.
917 2457 963 2530 33
977 2484 985 2528 :
1004 2483 1049 2529 ex
1062 2457 1201 2530 harum
1215 2477 1288 2542 ero·

287 2576 392 2648 sione
412 2574 491 2646 obs.
510 2573 556 2646 35
577 2589 614 2646 et
629 2579 701 2663 40:
724 2599 769 2646 ex
779 2574 914 2672 lapillis
937 2590 1017 2666 aut,
1036 2577 1067 2648 si
1079 2577 1221 2664 mavis,
1235 2595 1288 2643 os-

288 2692 414 2766 siculis
431 2695 471 2762 in
490 2692 634 2762 arteriis
647 2690 883 2764 lumbarihus
901 2690 981 2764 obs.
998 2693 1041 2766 31
1057 2719 1065 2762 ε
1084 2718 1130 2764 ex
1145 2713 1287 2764 mesen-

287 2811 377 2892 ,terii
395 2801 493 2879 vitiis'
510 2806 588 2879 obs.
606 2807 651 2880 38
665 2807 848 2894 secunda,
868 2809 915 2907 39
929 2823 966 2882 et
983 2815 1052 2902 41,
1072 2807 1097 2904 S
1117 2836 1156 2898 1,
1180 2837 1224 2897 a,
1248 2804 1287 2892 5,

288 2927 331 3014 6,
352 2951 392 3022 9,
421 2940 458 2996 et
483 2923 562 2996 obs.
587 2949 600 2996 1
628 2926 668 2995 in
682 2924 975 2998 Additamentis:
996 2929 1166 2998 ex.uteri
1190 2923 1288 2996 malis

288 3042 369 3114 obs.
389 3049 452 3129 41,
470 3044 496 3135 S
512 3048 554 3130 4,
576 3067 622 3122 ex
646 3041 796 3114 skimho
812 3044 980 3115 intestini
999 3045 1061 3117 ilei
1078 3045 1286 3116 exulcerato

289 3158 370 3236 obs.
387 3159 446 3238 32.;
464 3173 589 3255 atque,
606 3159 729 3229 utalia
744 3183 847 3230 nunc
860 3161 1102 3248 omittam‚ex
1115 3179 1286 3260 pancrea·

288 3277 336 3348 tis
350 3273 493 3346 morbis
508 3273 588 3345 obs.
608 3273 665 3361 aa,
685 3274 731 3345 38
750 3275 932 3365 secunda,
950 3293 986 3349 et
1002 3280 1101 3370 41‚§
1120 3278 1162 3368 33
1180 3273 1286 3348 adde·

286 3415 372 3466 ,rem
389 3393 498 3462 etiam
517 3415 561 3462 ex
575 3391 602 3482 S
615 3416 649 3487 7,
666 3391 739 3462 nisi
751 3391 881 3463 eadem
907 3410 1022 3483 esset,
1045 3396 1154 3476 sicuti
1172 3387 1283 3490 quaeS

290 3507 314 3580 6
334 3522 371 3577 et
391 3506 434 3592 8,
451 3505 589 3578 eaedem
609 3521 695 3578 sunt
711 3531 754 3579 ac
769 3533 850 3606 quae
873 3507 988 3582 modo
1015 3525 1104 3582 suut
1123 3505 1284 3582 indicata

292 3624 338 3698 38
356 3615 393 3698 et
411 3622 480 3709 25,
497 3620 559 3692 hic
573 3647 643 3719 per
657 3623 886 3721 oblivionem
903 3629 1078 3727 repetita.
1092 3625 1216 3700 afficit
1227 3643 1283 3694 au·

287 3795 1277 3831 mna-wad

331 3906 377 3982 (ι)
398 3905 491 3980 Epist.
509 3904 559 3976 16,
576 3925 607 3961 n.
628 3913 665 3974 40
682 3919 711 3964 et
730 3914 775 3973 [μ.
874 3953 877 3962 .

334 4001 376 4087 (a)
400 4001 451 4062 25.
467 4003 530 4060 obs.
550 4011 594 4072 ¹4·
