2814 4674
156 489 221 534 LIB.
239 489 294 536 111.
317 490 372 562 *DE
398 489 535 536 Morrls
555 489 726 554 VENTRIS,
752 491 864 538 EPIST·
892 490 1014 536 XXXIX.
1069 464 1112 562 57

113 603 210 673 tione
229 627 301 673 una
320 626 407 673 cum
426 603 537 674 sociis
560 602 730 692 rediens,
754 629 774 675 a
796 606 877 675 viro
896 602 1114 701 gravissimo

114 720 380 816 interrogarer„
400 719 496 818 quid⁸
510 719 663 792 tandem
678 736 872 820 repertum
888 735 1004 807 esset,
1022 744 1117 791 con·

113 839 214 908 tinuo
228 861 298 934 pro
314 836 492 910 omnibus
509 837 707 936 respondi,
728 838 824 909 nihil
849 839 954 936 quod
979 841 1018 907 in
1036 835 1115 908 col-

114 952 238 1050 loquio
252 955 331 1050 jam
351 955 480 1052 aliquo
496 955 612 1026 modo
626 955 834 1027 indicatum
848 981 927 1026 non
941 969 1057 1044 esset,
1072 979 1116 1026 ac

112 1071 193 1164 jure
210 1070 415 1144 insanabile
431 1075 736 1173 pronunciatum.
757 1077 889 1171 Neque
907 1073 1014 1145 aliter
1031 1097 1116 1143 nar-

116 1189 290 1261 rationem
300 1191 489 1279 conclusi,
502 1189 730 1288 adsupra(1)
741 1191 935 1264 laudatum
949 1189 1117 1264 scribens

118 1307 283 1378 eximium
305 1323 540 1396 senatorem,
559 1309 729 1382 Praesulis
747 1308 922 1398 fratrem,
943 1333 1116 1407 cumpro

117 1447 160 1493 eo
173 1449 212 1495 ac
222 1424 423 1516 debebam,
437 1425 725 1499 observatorum
738 1453 922 1500 summam
934 1425 1117 1526 postridie
1198 1485 1203 1496 .

117 1541 215 1612 misi:
235 1568 351 1640 quam
368 1560 411 1614 ut
437 1561 578 1643 gratam
598 1527 748 1632 habuit,
776 1548 827 1618 sic
846 1545 947 1642 apud
969 1571 1007 1617 se
1027 1547 1117 1618 reti-

118 1661 205 1732 nuit.
235 1663 313 1732 Nec
329 1686 420 1733 vero
440 1664 507 1736 etsi
528 1662 775 1760 postmodum
795 1665 834 1732 in
852 1663 1023 1733 omnium
1043 1688 1117 1733 ma·

118 1776 222 1850 uibus
247 1802 326 1850 esse
346 1778 493 1869 audivi,
512 1805 644 1869 unam,
663 1797 775 1878 atque
798 1779 951 1852 alteram
966 1793 1117 1850 eorum-

117 1893 196 1965 dem
216 1920 417 1987 summam,
437 1899 606 1970 emittere
626 1914 827 1998 propterea
847 1897 951 1970 volui
972 1921 1114 1984 meam,

115 2025 189 2080 tum
204 2015 290 2111 quia
305 2014 425 2086 multo
442 2015 512 2086 illae
523 2018 640 2115 magis
656 2018 756 2088 inter
769 2042 830 2106 se,
848 2041 961 2114 quam
979 2040 1000 2085 a
1014 2023 1115 2104 mea,

117 2126 391 2230 discrepabant,
408 2148 489 2205 tum
514 2137 604 2232 quia
622 2159 819 2232 nunquam
843 2133 946 2204 volui
959 2133 1116 2205 minime

114 2251 330 2321 necessarias
350 2252 623 2322 controversias
645 2252 845 2349 suscipere.
874 2254 964 2342 Quae
988 2265 1114 2321 autem

113 2367 228 2438 minus
240 2370 470 2457 necessaria,
486 2394 599 2468 quam
613 2395 695 2466 quae
713 2384 840 2468 posset
854 2369 1025 2467 ipsorum
1047 2369 1115 2465 qui

114 2481 385 2574 dissecuerant,
415 2486 680 2584 chirurgorum
715 2488 932 2558 testimonio
954 2485 1114 2556 dirimi?

112 2600 208 2696 quod
228 2605 483 2676 recentissima
512 2605 551 2673 in
576 2629 617 2674 re
644 2605 818 2702 quaesivi,
846 2629 926 2675 non
956 2617 996 2674 tu
1022 2618 1111 2674 tunc

112 2717 332 2814 proferrem,
352 2722 417 2793 sed
436 2720 701 2792 tantummodo
723 2737 764 2792 ut
785 2724 824 2792 in
846 2735 1029 2820 promptu
1044 2721 1111 2790 ha-

111 2833 231 2910 berem
251 2840 348 2910 sicut
364 2838 508 2927 haben,
528 2837 716 2936 siquando
732 2853 843 2909 totaa
860 2864 920 2910 me
934 2837 1111 2908 observa-

111 2969 205 3027 tione
225 2929 432 3055 producta,
452 2959 625 3028 existeret
643 2953 739 3028 forte
759 2956 893 3052 aliquis
914 2956 975 3025 cui
999 2953 1110 3026 dubi-

113 3076 251 3146 tationis
260 3075 453 3172 quidpiam
464 3075 634 3170 injiceret
646 3074 828 3171 particula
841 3072 966 3170 aliqua
980 3097 1110 3144 earum

116 3215 351 3264 summarum.
370 3199 412 3263 In
423 3193 562 3291 quihus
576 3219 621 3264 ne
635 3219 737 3264 nunc
751 3191 905 3290 quidem
914 3187 1111 3289 quiddees

116 3325 160 3381 set
182 3309 324 3399 dicam,
354 3327 417 3382 aut
434 3291 525 3407 quid
550 3326 780 3410 superesset,
799 3324 864 3381 aut
889 3307 982 3406 quid
1008 3309 1110 3381 deni·

117 3454 177 3525 que
191 3454 314 3501 avero
329 3428 542 3500 aberraret:
558 3431 649 3526 quin
661 3453 731 3499 nec
748 3428 981 3498 mentionem
995 3427 1110 3498 ullam

118 3543 153 3616 de
163 3545 395 3634 iisfecissem,
409 3547 481 3618 nisi
494 3562 559 3616 ate
568 3543 664 3617 forte
678 3545 881 3644 aliquando
893 3545 1110 3633 visas,mira·
1205 3569 1207 3579 ’

117 3678 226 3736 turum
256 3663 502 3736 credidissem
525 3688 544 3734 a
566 3689 625 3734 me
655 3662 890 3736 dissimulari.
926 3667 1006 3733 Hoc
1025 3677 1109 3771 tan-

141 4044 176 4122 (1)
193 4045 313 4121 Supra,
328 4060 359 4097 n.
375 4059 423 4097 aa.
