2814 4674
238 440 266 522 A
396 457 443 504 nr
468 455 613 504 seorsus
638 456 681 504 nr
707 455 830 506 causis
855 459 1062 507 nonnosum
1123 447 1126 454 '

237 591 357 664 nistri.
372 577 663 688 Leges'quidem
680 618 700 663 a
718 593 762 665 ci.
781 595 870 666 viris
883 593 1120 669 Hebenstreit
1132 595 1189 695 (1)
1202 613 1238 671 et

235 715 391 807 Matthia
412 715 467 812 (α)
488 715 726 814 propositum
745 731 944 803 steatoma,
968 713 1072 814 quod
1093 715 1139 787 ad
1160 741 1237 789 me-

236 834 441 906 seuterium
466 848 660 930 spectans,
681 847 812 917 testem
840 833 999 905 alterum
1027 834 1124 904 intra
1146 857 1237 904 ven-

238 967 334 1022 trem
352 950 399 1026 ad
417 975 455 1022 se
472 964 694 1038 retraxerat,
711 975 789 1021 non
807 973 846 1023 se·
863 950 1039 1024 deorsum
1056 950 1237 1050 adipsum

237 1067 517 1156 extenderam
527 1091 745 1166 quanquam
755 1068 964 1141 insecundo
976 1069 1237 1142 observatione

237 1186 284 1260 ad
304 1185 426 1258 femur
445 1187 695 1286 productum,
719 1189 877 1260 cruralia
902 1213 988 1260 vasa
1014 1189 1238 1261 circumves-

236 1305 374 1392 tiebat,·
390 1307 429 1374 in
447 1321 581 1376 neutra
601 1321 726 1378 tamen
749 1303 802 1377 ad¹
809 1307 934 1402 jecur,
950 1307 1165 1405 lienemque
1180 1331 1237 1378 as·

239 1423 432 1495 cendebat.
451 1425 624 1494 Tumoris
637 1439 761 1496 autem
780 1424 932 1523 pondus
943 1426 982 1494 in
1001 1424 1070 1495 hac
1078 1439 1239 1522 utraque

242 1540 520 1629 observatione,
533 1542 724 1638 magisque
734 1543 773 1613 in
785 1543 854 1615 alia
866 1567 948 1640 quae
961 1539 1058 1614 infra
1070 1541 1123 1638 (3)
1135 1531 1248 1614 com?

236 1658 528 1749 memorabitur,
547 1663 679 1756 utique
696 1660 777 1738 erat'
798 1662 941 1757 majus,
967 1684 1080 1757 quam
1105 1660 1238 1731 avai-

238 1777 338 1848 salva
357 1779 553 1851 inventum
576 1793 640 1849 est.
658 1780 829 1848 Attamen
846 1777 1074 1876 descriptum
1094 1777 1142 1849 ab
1162 1776 1237 1848 hoc

237 1911 426 1967 tumorem
443 1920 488 1967 ex
500 1896 643 1993 magnis
663 1892 774 1966 fuisse
796 1895 861 1990 qui
876 1895 915 1964 in
930 1896 1156 1967 mesenterio
1178 1918 1238 1964 re-

186 2063 204 2108 ,
234 2015 331 2111 perti
348 2029 459 2102 sunt,
476 2013 536 2084 vel
549 2026 715 2111 spectato
732 2011 921 2110 pondere,
938 2013 1023 2110 quis
1035 2012 1152 2110 possit
1169 2035 1237 2081 ne-

239 2131 352 2227 gare?
368 2129 521 2228 quando
538 2130 767 2201 Wbarton'us
782 2127 861 2226 (A),
875 2132 940 2228 qui
954 2129 1080 2227 plures
1094 2127 1237 2199 memo-

235 2265 321 2335 rat,
350 2273 428 2320 non
458 2249 646 2346 graviores
674 2245 824 2319 duobus
853 2247 1051 2346 proponit,
1071 2267 1237 2343 quorum

236 2367 348 2454 alter,
364 2365 411 2439 ab
421 2365 466 2437 e'o
480 2365 715 2452 observatus,
725 2362 914 2463 pendebat
928 2364 1077 2434 circiter
1091 2375 1235 2460 septem

239 2485 370 2569 libras,
390 2485 484 2555 alter
501 2499 625 2554 autem
646 2507 666 2553 a
686 2485 831 2571 Paraeo,
854 2480 967 2554 libras
991 2480 1122 2552 decem
1148 2503 1234 2550 cum

234 2601 404 2688 dimidia,
422 2602 662 2697 quantumvis
679 2607 808 2689 mt',rus
826 2614 864 2670 et
870 2623 993 2699 prope
1011 2595 1236 2668 incredibilis

235 2718 393 2792 dicatur

284 2843 317 2925 Δ.
345 2835 457 2928 Quod
476 2835 522 2907 ad
542 2859 585 2908 ea
602 2837 760 2934 attinet,
785 2859 868 2932 quae
892 2837 932 2904 in
960 2832 1109 2904 vivente
1136 2853 1238 2928 aegro

233 2954 410 3028 adnotata
437 2969 543 3042 sunt,
570 2979 648 3025 non
678 2951 890 3050 expectabis
922 2964 1022 3021 certe
1047 2963 1090 3018 ut
1112 2946 1234 3017 dicam
1274 2961 1277 2968 ⁴

232 3073 475 3160 cur,tametsi
492 3068 619 3142 cibum
635 3084 843 3170 appeteret,
863 3083 943 3139 toto
960 3085 1118 3163 corpore
1132 3078 1235 3134 exta-

231 3188 377 3279 buerit,
395 3191 426 3260 si
443 3213 517 3287 qua
528 3191 600 3261 iter
617 3191 663 3260 sit
674 3187 835 3284 chyloin
848 3185 1091 3282 sanguinem,
1107 3205 1234 3276 neque
1322 3227 1327 3233 -

233 3331 301 3378 cur
319 3306 414 3386 adeo
431 3308 681 3378 intumuerint
693 3303 826 3401 pedes,
847 3304 876 3374 si
903 3326 976 3399 qua
999 3323 1102 3369 venre
1120 3297 1236 3367 iliacae

233 3424 500 3512 traducantur,
513 3438 550 3494 et
567 3419 848 3508 cava'inferior,
866 3419 1096 3518 cogitaveris.
1115 3418 1235 3485 Porro
