2746 4674
288 407 355 488 124
448 425 494 472 DE
521 423 668 473 SEDIBUS
693 425 737 470 ET
762 423 887 472 ctusls
912 425 1121 474 MORBORUM

281 538 441 611 defuisse
457 537 694 632 conjicerem.
710 543 802 608 Cum
815 539 916 638 enim
929 537 1015 609 loeo
1029 541 1131 611 renis
1142 539 1307 610 dexteri
1323 565 1328 576 ·

280 654 460 728 nihilnisi
472 652 1080 751 pinguedinemdeprehendissem
1091 681 1175 754 quae
1186 657 1306 728 mole

281 773 405 870 ipsum
423 787 460 841 et
476 769 595 868 figura
613 773 721 841 etiam
741 771 1005 867 quadantenus
1018 772 1307 862 referret5ure-

206 905 209 914 ·
281 903 400 959 terem
419 903 542 960 autem
562 913 647 960 cum
670 889 789 960 vesica
809 889 963 984 quidem
979 893 1248 979 commissum,
1265 905 1309 962 at

281 1005 444 1078 solidum
458 1008 837 1105 espauloantequam
855 1007 900 1078 ad
918 1033 999 1078 eam
1017 1009 1310 1107 pinguedinem
1368 1029 1369 1040 ¹

283 1125 519 1221 perveniret;
545 1141 699 1222 repente
718 1126 757 1194 iu
786 1140 917 1196 tenues
938 1125 1178 1222 dispertitum
1204 1128 1309 1224 pin·
1368 1195 1369 1204 ,

223 1327 225 1334 Ι
285 1239 459 1338 guedinis
478 1243 604 1330 strias,
623 1267 707 1338 quae
725 1239 934 1338 sanguilera
962 1226 1112 1314 uascula
1133 1245 1309 1315 comita-
1368 1299 1369 1312 ,

286 1357 448 1445 bantur,
466 1361 716 1455 arteriamque
732 1360 873 1456 pariter
899 1360 1154 1458 emulgentem
1177 1361 1309 1434 vidis·

288 1476 420 1552 semin
440 1501 485 1556 eo
502 1475 616 1546 latere
632 1499 709 1545 non
724 1475 871 1563 deesse,
888 1491 925 1548 at
941 1479 1152 1550 tenuiorem
1171 1504 1309 1577 aequ0‚

289 1607 434 1664 etcum
467 1617 613 1665 ramum
645 1592 796 1690 quidem
826 1617 905 1662 non
937 1595 1135 1690 parvulum
1163 1620 1307 1668 renem

289 1735 419 1782 versus
439 1712 760 1782 succenturiatum
780 1709 1002 1800 dimitteret,
1026 1727 1131 1809 parte
1150 1713 1308 1810 reliqua

289 1831 329 1898 in
347 1829 582 1900 ramusculos
594 1827 793 1898 abeuntem
808 1880 818 1914 ,
836 1829 902 1923 qui
921 1853 988 1926 per
1005 1827 1201 1928 descriptae
1215 1832 1307 1928 pin·
1368 1905 1369 1910 ,

291 1947 465 2044 guedinis
494 1942 728 2042 superficiem
756 1944 935 2016 duntaxat
960 1945 1187 2044 reptabant:
1213 1971 1308 2020 cum
1368 2027 1369 2036 j

291 2064 371 2136 haec
389 2065 503 2161 igitur
520 2064 570 2132 ita
588 2063 866 2159 conspicerem,
890 2064 1138 2137 animadverti
1160 2089 1307 2136 venam

185 2239 188 2246 .
295 2181 463 2277 ejusdem
489 2181 614 2250 lateris
650 2181 924 2279 emulgentem‚·
951 2184 1020 2255 etsi
1051 2183 1306 2256 crassitudine

294 2299 506 2396 oppositam
528 2297 761 2395 aliquantum
780 2299 1002 2397 superabat,
1025 2299 1151 2372 nullos
1173 2315 1307 2373 tamen

294 2419 362 2514 qui
381 2416 452 2488 sub
474 2440 624 2504 sensum
643 2417 836 2506 caderent,
852 2418 1085 2496 ramusculos
1100 2443 1121 2488 a
1138 2419 1306 2516 pingue-

298 2531 386 2604 dine
402 2533 480 2620 illa,
498 2557 613 2630 quam
628 2549 744 2605 totam
761 2559 847 2616 cum
860 2558 948 2607 cura
958 2535 1308 2632 perseeui,venien·

292 2664 353 2736 ‚tes
373 2652 563 2748 accipere;
585 2653 755 2750 accipere
772 2667 897 2722 autem
912 2676 1060 2722 ramum
1086 2675 1107 2722 a
1124 2653 1309 2748 proximo

296 2767 443 2865 hepatis
466 2767 556 2838 loho
576 2793 741 2841 crassum
764 2767 879 2858 adeo,
895 2784 938 2840 ut
952 2771 1031 2867 ipsa
1046 2767 1246 2866 emulgens
1261 2767 1306 2840 si·

297 2886 415 2956 nistra
435 2885 499 2956 illo
520 2889 672 2957 tenuior
699 2886 900 2958 videretur.
917 2887 1000 2976 Qua
1014 2911 1059 2966 ex
1075 2909 1116 2956 re
1135 2885 1308 2980 proclive
1368 2971 1369 2978 ἵ

298 3017 377 3074 erat
394 2989 580 3099 conjicere
593 3028 728 3074 venam
747 3003 1001 3102 emulgentem
1014 2981 1206 3078 dexteram
1223 3025 1308 3074 non

298 3121 400 3191 renis
423 3122 463 3190 in
488 3146 530 3192 ea
558 3121 713 3218 quidem
732 3120 883 3208 catella,
910 3119 975 3192 sed
995 3120 1174 3216 jecinoris
1192 3141 1308 3192 causa

300 3235 413 3310 fuisse
427 3253 610 3324 creatam,
630 3238 835 3335 praesertim
851 3261 939 3310 cum
964 3237 1218 3336 insanissima
1246 3261 1308 3308 ca·

298 3355 386 3426 tella
404 3355 612 3428 secundum
629 3369 772 3426 naturae
798 3351 1114 3426 consuetudinem
1131 3377 1169 3424 se
1188 3351 1307 3424 habe·

299 3488 384 3549 rent
401 3473 546 3572 reliqua
561 3474 707 3561 omnia,
725 3472 796 3545 nisi
816 3471 920 3572 quod
933 3497 1001 3542 ren
1015 3472 1163 3544 sinister
1184 3471 1308 3568 major

300 3605 378 3662 erat
394 3615 509 3688 quam
527 3615 597 3689 pro
611 3591 781 3689 eorporis
794 3589 1078 3688 magnitudine,
1095 3603 1229 3687 utpote
1240 3587 1307 3686 qui

300 3731 495 3780 secernere
511 3731 611 3778 unus
625 3733 776 3779 omnem
797 3693 960 3779 debebat
979 3708 1150 3794 urinam,
1175 3729 1306 3802 quam·

300 3823 433 3895 obrem
458 3825 656 3896 canaliculi
676 3850 829 3924 quoque
847 3825 928 3920 ejus
946 3838 1077 3912 erant,
1100 3836 1143 3893 ut
1164 3823 1205 3894 in
1224 3847 1305 3894 mu·

298 3939 389 4012 liere
410 3941 609 4040 descripsi,
628 3943 827 4016 crassiores
841 3956 879 4016 et
893 3939 1155 4015 evidentiores·
