2726 4676
310 457 386 547 314
453 484 499 530 oe
525 483 671 532 sentens
694 486 739 532 rr
765 484 887 536 causis
913 483 1122 534 noruonurt

308 598 513 670 miluoares
528 597 683 668 valvuiae
697 597 869 672 duriores
882 597 1108 696 quibusdam
1121 599 1237 684 locis;
1249 593 1303 667 sed

306 713 460 782 rnitralis
481 715 679 784 anterioris
698 715 793 785 latus
811 739 889 783 non
908 716 988 785 sine
1011 739 1104 786 osse.
1127 719 1178 788 Et
1195 735 1302 810 quan·

307 854 419 924 qnam
434 855 477 900 ex
494 855 587 900 vena
602 855 690 902 cava
702 833 749 904 ad
761 846 907 931 septum
927 847 1184 908 transversum
1197 831 1302 902 incisa

306 949 454 1044 sanguis
486 947 676 1044 prodierat
708 949 894 1046 plurimus
932 951 1060 1046 niger,
1090 948 1246 1036 ssuidus;
1269 949 1301 1018 in

305 1079 467 1160 utroque
496 1080 620 1138 tamen
654 1065 779 1138 cordis
806 1068 1017 1144 ventriculo
1048 1069 1301 1144 concretiones

305 1195 411 1276 erant
423 1181 631 1280 polypum,
652 1185 739 1258 satis
755 1182 863 1265 firma
885 1210 1086 1283 compage,
1105 1184 1235 1262 colore
1247 1205 1299 1253 au·

304 1313 378 1378 tem
394 1299 494 1371 iuius
508 1327 552 1371 er
563 1301 650 1372 albo
661 1303 812 1374 cinereo
830 1331 839 1376 a
859 1327 1021 1400 quarum
1038 1302 1211 1389 dextera,
1228 1323 1299 1397 quc

305 1419 464 1490 crassior
480 1435 581 1507 erat,
608 1420 719 1517 longe
733 1445 771 1494 se
785 1422 824 1492 in
842 1420 1105 1519 pulmonarem
1121 1420 1298 1503 arteriam,

304 1532 417 1630 attera
438 1537 476 1604 iu
492 1561 687 1633 magnam,
704 1563 773 1610 nec
786 1535 941 1612 brevem
958 1537 1004 1616 ad
1021 1553 1182 1614 tractum
1197 1591 1206 1622 ‚
1222 1558 1296 1632 pro-

305 1649 476 1724 ducebat.
508 1658 642 1750 Magna
658 1693 660 1700 ι
676 1669 799 1730 autent
826 1656 982 1742 arteria,
1013 1657 1121 1749 cujus
1150 1669 1297 1728 truncus

305 1783 405 1840 totus
421 1773 519 1842 visus
532 1787 589 1842 est
601 1797 708 1869 aequo
719 1770 848 1858 latior,
864 1773 1044 1844 interiore
1054 1769 1147 1850 facie
1159 1768 1294 1852 albidis,

305 1886 436 1980 quales
447 1887 555 1958 dictur
572 1905 670 1974 sunt,
684 1889 874 1962 maculiea
890 1887 1173 1986 diaphragmate
1186 1886 1295 1964 adcor

304 2025 423 2098 usque
442 2002 506 2074 hic
522 2004 597 2078 illic
617 2004 810 2087 distincta,
822 2031 867 2078 eo
883 2006 1093 2084 crebriores
1105 2005 1175 2082 has
1185 2019 1293 2078 osten·

305 2117 434 2204 debat,
456 2141 532 2217 qno
548 2122 654 2196 cordi
673 2123 786 2198 fiebat
808 2126 966 2222 propior
986 2125 1037 2196 ita
1060 2123 1136 2208 uti,
1153 2147 1226 2219 qua
1241 2120 1292 2194 tri-

303 2234 375 2307 bus
387 2239 598 2312 minoribus
610 2241 787 2314 Valsalvae
802 2241 945 2318 sinibus
955 2255 1171 2327 excavatur,
1185 2238 1290 2330 iuttlto

303 2353 572 2444 evidentiores,
603 2375 639 2430 et
663 2359 771 2432 brevi
792 2361 831 2432 in
852 2384 895 2431 os
912 2357 1111 2435 mutandas
1139 2354 1288 2444 offerret.

302 2475 481 2576 Praeterea
496 2492 598 2548 certo
614 2478 698 2550 loco
718 2478 816 2553 iuter
831 2502 897 2550 cor
912 2493 948 2548 et
966 2491 1220 2560 curvaturam,
1235 2472 1289 2567 qui

301 2589 408 2662 iocus
425 2607 498 2664 tres
514 2616 722 2690 quatuorve
741 2593 876 2690 digitos
897 2596 935 2670 in
954 2595 1128 2689 longum,
1153 2591 1243 2674 duos
1257 2589 1288 2659 io

301 2706 416 2799 latum
434 2710 600 2808 patabat,
615 2713 717 2808 intus
741 2713 881 2809 pariter
900 2711 1012 2808 rugis,
1026 2725 1104 2784 erat
1122 2709 1246 2782 crassis
1259 2717 1287 2782 et
1354 2693 1355 2704 ἵ

244 2880 247 2889 ,
302 2827 407 2920 quasi
435 2830 614 2900 tortuosis
642 2829 854 2924 inaeqrraiis3
885 2851 1007 2924 neque
1035 2825 1191 2903 deerant
1219 2813 1307 2894 suit⁴¹
1353 2879 1354 2890 ,

304 2942 464 3014 obscura
484 2933 831 3020 crosionisindicia.
844 2949 1025 3019 Caeterum
1037 2967 1106 3042 per
1123 2937 1288 3020 carotidas

303 3081 379 3130 non
396 3061 1029 3161 propagabanturtnacular‚nedum
1043 3061 1131 3136 vitia
1143 3060 1286 3154 reliquas
1352 3115 1353 3118 =

300 3194 344 3249 ot
362 3182 593 3278 minusoegre
610 3181 777 3269 tulerim,
796 3168 875 3252 t'um
892 3197 1064 3257 accurata
1085 3193 1285 3254 craterarum

302 3299 462 3394 partium
476 3322 553 3370 non
568 3299 815 3395 minusquam
835 3323 962 3379 aarum
981 3320 1062 3394 quae
1079 3295 1186 3368 dieve
1199 3287 1285 3372 sunt,

302 3415 589 3511 perlustratione
610 3431 802 3502 anatome,
820 3429 862 3488 ut
879 3411 995 3496 fit‚in
1014 3411 1143 3509 plures
1160 3404 1284 3480 hebdo-

301 3532 428 3604 madas
445 3523 628 3619 trahitur,
653 3533 810 3628 alioque
840 3531 991 3608 interim
1013 3544 1138 3626 partes
1162 3520 1283 3599 axeliis

302 3648 545 3726 cadaveribus
562 3646 793 3736 affortiator,
812 3647 927 3746 hujus
942 3662 1074 3745 caput,
1089 3669 1149 3720 me
1165 3639 1283 3722 inscio,

301 3769 498 3839 humatum
520 3793 621 3856 essa,
646 3785 689 3844 nt
702 3767 890 3866 repentini
907 3765 1031 3837 obitus
1045 3760 1281 3838 causamineo

299 3890 521 3984 perquirere
549 3911 629 3959 uon
660 3886 861 3982 potuerim.
895 3883 1129 3980 Pharp'ugem
1155 3889 1277 3953 tantun

300 3998 382 4099 quae
416 4002 587 4099 deposita
619 3983 740 4079 fuerat
772 4024 857 4084 cunt
879 4001 1062 4098 ,lncynge2
1084 3986 1275 4070 examinavi.
