2740 4670
285 425 363 512 346·
455 449 498 494 nn
525 449 672 497 stoicos
698 449 742 495 rr
768 447 892 498 causis
917 449 1128 498 uoaaoauu

285 584 446 660 corpora
465 559 718 632 vermiformia
735 575 772 633 et
783 576 970 634 cruentae
988 562 1153 658 quadam
1162 562 1280 642 vidua.

283 703 396 778 quarn
417 677 681 752 acerbissimus
697 677 918 750 lumborum
939 677 1054 754 dolor
1080 679 1282 770 cruciabat,
1362 702 1363 794 q

283 796 395 870 amul
411 820 499 868 cum
516 796 610 866 lotio
627 793 741 868 fuisse
752 794 899 868 reddita
910 822 921 883 ;
933 820 1066 868 eorum
1079 797 1284 870 substantia
1362 799 1363 856 l

282 915 493 988 accuratius
512 935 668 984 examen
683 914 875 1009 requires,
896 938 964 1011 per
982 914 1090 1011 quod
1114 940 1285 1014 apparere

282 1045 428 1130 posset,
446 1055 488 1100 ea
508 1032 759 1128 potiusquam
777 1044 914 1103 teretes
931 1033 1032 1104 exesi
1045 1058 1067 1103 a
1082 1057 1223 1104 cancro
1235 1057 1286 1104 re·

283 1151 342 1220 nis
359 1148 582 1247 particulas,
600 1147 823 1246 polyposas,
846 1151 886 1220 in
910 1165 1059 1222 uterere
1078 1152 1132 1222 sic
1158 1149 1287 1224 forma·

283 1283 355 1356 tas,
374 1268 636 1338 concretiones
646 1265 773 1338 fuisse.
792 1270 886 1338 Nam
905 1266 1012 1366 quod
1028 1267 1213 1342 lumbrici
1221 1271 1288 1342 veri

284 1409 364 1456 non
384 1381 539 1470 luerint,
556 1383 829 1456 observationis
852 1409 1010 1482 quoque
1037 1386 1142 1459 illius
1166 1402 1289 1460 auctor

285 1503 456 1600 agnovit:
474 1503 540 1598 qui
564 1503 636 1574 nisi
657 1502 757 1574 inter
772 1502 934 1574 vesicam
953 1517 1017 1574 aut
1042 1503 1242 1576 urethram
1260 1519 1291 1575 et
1364 1587 1365 1596 ἵ

284 1621 459 1694 intestina
467 1621 534 1690 “via
549 1643 618 1718 per
629 1617 807 1690 morbum
820 1635 952 1717 aperta
967 1621 1033 1708 sit,
1052 1622 1291 1717 quemadmo
1364 1647 1365 1662 ¹

286 1737 377 1810 dum
402 1736 588 1836 supra(1)
608 1737 817 1808 iudicatum
835 1753 910 1824 est,
937 1761 1024 1810 cum
1048 1739 1172 1811 urinis
1205 1756 1290 1812 certe

287 1856 395 1928 reddi
412 1880 492 1926 uon
510 1870 681 1954 possunt.
694 1853 954 1944 Quamobrem
967 1877 1055 1928 curn
1071 1856 1118 1928 ad
1133 1857 1290 1953 ejusdem

288 1975 465 2046 sectionis
495 1971 798 2046 observationem
818 1973 967 2044 veneris
991 1977 1113 2062 XXX,
1130 1999 1208 2072 qua
1223 1999 1289 2046 uva
1365 2009 1366 2064 l

287 2094 484 2166 acinorum
511 2105 548 2162 et
573 2088 825 2162 frustulorum
858 2090 1032 2178 lactuca,
1063 2091 1289 2188 aliorumque
1365 2071 1366 2130 i

235 2273 237 2282 .
289 2206 463 2278 ciborum
482 2208 646 2280 excretio
679 2228 868 2278 unacum
898 2208 1019 2280 urinis
1038 2209 1290 2282 animadversa

289 2325 537 2422 proponitur;
556 2324 692 2422 partim
713 2324 1123 2420 majoremcautionem
1139 2340 1181 2398 et
1194 2348 1289 2398 accu-

288 2442 407 2514 ratius
417 2465 572 2512 examen
582 2439 833 2528 desiderabis,
848 2444 985 2538 partim
997 2442 1108 2512 etiam
1121 2443 1291 2539 quoniam

290 2560 331 2630 in
348 2581 426 2629 uno
443 2560 565 2630 vesica
579 2573 656 2628 tota
667 2557 880 2630 exulcerata
890 2553 1003 2630 fuisse
1016 2556 1180 2645 dicitur,
1198 2558 1292 2630 ulcus
1366 2555 1367 2596 ³

292 2676 446 2774 aliquod
463 2677 550 2748 inde
566 2678 606 2747 in
622 2676 829 2774 quodpiam
840 2677 1063 2749 intestinum
1074 2677 1291 2776 pertinuisse

293 2794 554 2893 suspicaberis.
579 2796 712 2891 Neque
735 2796 836 2865 enim
860 2791 1016 2878 difficile
1032 2809 1088 2866 est
1102 2795 1159 2890 *ita
1180 2819 1217 2868 se
1234 2793 1288 2866 ha·

292 2911 446 2984 bentem
463 2914 624 2984 vesicam
656 2933 742 2982 cum
771 2911 947 3010 proximo
973 2911 1101 3009 aliquo
1121 2911 1290 2984 intestino

295 3029 521 3116 coalescere,
535 3029 636 3100 etsie
655 3051 724 3125 per
741 3029 960 3126 quampiam
981 3027 1194 3104 ulcerosam
1210 3039 1290 3111 ht·

295 3147 486 3220 rosionem
507 3145 727 3218 cuniculum
739 3144 788 3218 ab
805 3145 868 3226 illa
887 3149 926 3216 in
945 3144 1021 3218 hoc
1034 3145 1133 3216 duci.
1150 3149 1233 3236 Qua
1243 3167 1291 3214 ra·

294 3263 398 3336 tioue
424 3263 581 3361 intelligi
608 3260 766 3336 fortasse
789 3277 933 3361 potest,
962 3263 1161 3362 quomodo
1181 3264 1237 3334 vir
1253 3260 1291 3330 de

295 3406 374 3478 quo
390 3381 437 3454 ab
455 3385 604 3478 Yongio
627 3379 682 3478 (a)
702 3380 977 3478 scriptumest,
1004 3404 1092 3452 cum
1108 3377 1291 3452 faeculenta

297 3501 410 3571 urina
420 3489 573 3596 exiguos
594 3522 709 3594 passae
729 3523 806 3568 uvae
823 3499 972 3588 acinos,
989 3494 1241 3595 foliorumque
1256 3516 1290 3564 ac
1349 3561 1352 3580 ,

298 3665 1286 3696 wa&

353 3797 377 3855 1*
403 3801 439 3855 N.
457 3799 475 3854 6
494 3809 523 3853 et
541 3817 557 3854 a
581 3839 588 3852 .
930 3791 933 3798 “
990 3843 999 3862 ⁴

173 3965 179 3972 .
336 3798 379 3978 id
399 3899 469 3954 Vid·
485 3818 638 3973 apud9Th.
655 3899 805 3984 Derebam
825 3899 927 3977 saggio
942 3876 1018 3958 delle
1034 3909 1165 3956 transaz.
1180 3907 1248 3952 tom.
1260 3890 1289 3957 3,

294 4017 325 4072 Ρ·
345 4016 380 4070 ²>
396 4017 421 4055 ⁰·
440 4004 473 4070 la
490 4002 506 4070 s
522 4016 569 4075 ²9·
849 3995 852 4004 ‚
