2740 4670
266 431 337 508 356
432 456 480 502 ns
505 453 651 502 sumnus
675 455 869 503 snesusrs
893 455 1104 546 nonnosum
1171 469 1176 472 ·

266 573 350 642 vius
367 569 404 640 id
423 584 515 642 esset
532 567 760 666 intelligere,
780 593 891 665 quam
908 569 1024 640 solam
1045 574 1162 669 ipsam
1177 575 1267 646 adeo

266 689 427 762 flcxiiem
445 705 480 760 ct
498 688 616 759 levem
646 711 691 757 eu
715 687 944 784 pervenisse,
970 690 1042 758 nisi
1065 703 1156 760 tunc
1176 687 1267 762 forte
1364 742 1365 749 κ

266 806 356 894 fuit,
384 806 420 876 id
452 804 555 901 quod
589 805 710 876 rarius
739 819 811 891 est,
842 807 1086 876 recrementis
1111 813 1268 880 maxime

265 925 448 1008 distenta,
467 911 529 992 aut
554 924 679 1018 potius
708 936 879 1017 paratum
906 937 1014 994 antea
1035 926 1228 996 sacculum
1250 949 1269 996 a

265 1042 443 1142 prolapso
458 1040 636 1110 intestino
654 1039 745 1126 ileu,
762 1037 834 1109 hoc
852 1040 889 1108 in
906 1042 1047 1111 ventris
1067 1067 1201 1112 cavum
1215 1068 1269 1114 re·

166 1137 171 1156 ’
267 1183 411 1257 gressu,
431 1157 545 1228 subiit
571 1157 669 1253 ipsa,
696 1154 931 1252 longitudine
956 1181 1020 1228 sua
1035 1158 1081 1228 ad
1103 1159 1139 1230 id
1154 1161 1268 1258 piuri-

267 1301 369 1346 mum
382 1275 546 1370 jtrvante.
566 1275 726 1370 Agnovit
741 1271 999 1348 difficultt'tem
1013 1274 1110 1346 hanc
1122 1281 1268 1347 Lavate·

265 1418 331 1466 rus
348 1392 425 1490 (ι),
445 1394 510 1489 qui
528 1407 653 1462 tamen
670 1390 957 1488 appendiculam
978 1393 1015 1462 in
1048 1407 1175 1464 scroto
1196 1418 1268 1464 non

265 1511 376 1594 vidit,
402 1511 563 1581 utinen
584 1508 692 1594 vidit,
713 1523 748 1580 ct
767 1534 786 1577 a
806 1508 945 1580 dextris
960 1509 1135 1606 quidem,
1158 1515 1267 1584 intes·
1364 1503 1365 1524 ¹

266 1630 387 1702 tinum
404 1627 516 1698 culon
530 1624 622 1724 plus
642 1649 755 1723 quam
779 1631 903 1724 pugni
929 1627 1209 1725 rraagnitudine‚·
1233 1626 1267 1697 id

267 1746 371 1845 quod
391 1744 580 1816 difficilius
610 1767 826 1840 essequam
852 1768 871 1813 a
897 1745 1055 1814 sinistris
1072 1745 1267 1833 dicebam,
1364 1772 1365 1779 ¹

192 1866 200 1887 ⁸
266 1864 338 1936 nisi
360 1862 454 1933 forte
469 1861 683 1932 violentiam
704 1861 798 1930 ictus
819 1873 881 1930 aut
901 1883 1006 1931 casus
1023 1859 1070 1930 ab
1088 1862 1166 1932 alto
1188 1861 1266 1934 her-

267 1983 328 2054 nia
349 1993 621 2074 consequatur,
648 1977 755 2073 cujus
779 1977 991 2074 exemplum
1023 1977 1141 2049 habes
1172 1978 1266 2078 apud

266 2093 554 2189 Tacconumiu)
574 2099 604 2165 A
622 2095 779 2166 sinistris
799 2109 921 2164 autem
937 2093 1195 2194 colipartem,
1207 2096 1265 2166 ali·

171 2242 192 2270 ⁸-
268 2213 421 2312 quando
444 2227 561 2283 totum
578 2211 740 2308 ejusdem
759 2234 909 2298 arcum,
934 2213 1172 2284 inscrutum
1196 2237 1265 2284 non

264 2354 354 2402 raro
366 2328 539 2400 excidere
557 2328 797 2400 Muuchartus
815 2329 869 2423 (3)
889 2385 899 2419 ,
918 2327 1076 2400 affirmat
1097 2330 1166 2401 ubi
1183 2346 1265 2402 etse

185 2477 187 2482 ·
269 2445 317 2518 ab
348 2471 392 2547 eu
427 2447 550 2517 latere„
567 2448 617 2517 ait
643 2461 701 2516 ter
720 2446 879 2536 vidisse,
904 2446 951 2518 ab
971 2447 1184 2544 eodemque
1206 2452 1265 2519 Pa-

253 2541 458 2636 ¹risiensem
478 2563 544 2634 cei.
562 2563 779 2670 chirurgum
799 2565 968 2636 herniam
983 2565 1058 2636 coli
1071 2563 1266 2664 depreden-

268 2679 383 2766 disse,
403 2681 469 2750 ubi
486 2703 624 2752 caecum
640 2681 753 2752 simul
763 2707 845 2752 cum
862 2705 934 2751 sua
953 2683 1192 2772 vermisirrmr'
1205 2707 1265 2779 ap·

259 2797 422 2896 pendicc
432 2804 469 2868 in
486 2814 648 2869 scrotum
663 2823 702 2868 se
715 2796 875 2870 dederat
884 2823 1069 2897 prceceps.
1088 2799 1162 2870 Sed
1179 2815 1214 2871 et
1224 2797 1265 2869 ci.

266 2917 492 3012 Heusingius
511 2916 565 3012 (Δ)
586 2915 769 3018 sinistram
794 2917 933 3013 pariter
955 2915 1047 2985 vidit
1069 2915 1265 2988 oscheoce·

265 3030 361 3117 lem,
381 3047 464 3102 octo
495 3030 605 3106 ulnas
631 3035 886 3102 intestinorum
918 3038 1103 3118 tenuium,
1134 3035 1265 3102 intesti-

266 3173 356 3220 num
370 3173 508 3222 caecum
529 3171 615 3220 cum
622 3171 804 3245 processu
822 3152 1077 3239 uerrnr'formi,
1106 3165 1144 3219 et
1164 3150 1264 3222 dinzi-

270 3265 373 3336 diam
403 3264 534 3335 ulnam
553 3269 718 3334 intestini
748 3263 823 3333 coli
855 3265 1163 3364 complectentem.
1182 3270 1264 3356 Quae

266 3405 544 3470 commemoro,
562 3383 656 3452 utin
674 3380 816 3452 herniis
836 3383 1053 3480 ingentibus
1069 3385 1162 3455 scias
1179 3385 1263 3454 laxa·

305 3682 349 3762 (1)
371 3685 493 3741 Dissert.
507 3686 544 3740 de
558 3685 725 3752 intestinos.
740 3705 883 3760 compres.
899 3685 972 3746 thes·
989 3687 1018 3746 5.

239 3824 242 3833 s
305 3783 347 3865 (a)
370 3786 493 3841 Dissert.
508 3787 544 3841 de
557 3786 632 3841 raris
645 3787 757 3842 henniis
770 3769 914 3860 quibusd.¹

304 3887 317 3964 ζ
319 3889 348 3965 3)
366 3888 488 3948 Dissert.
504 3887 539 3942 de
554 3882 657 3942 hernia
670 3885 812 3942 incarcer.
828 3907 853 3944 c.
867 3905 895 3944 α.
932 3945 935 3952 ,

306 3979 358 4069 (4)
370 3988 495 4044 Dissert.
509 3987 546 4045 de
557 3987 685 4063 periton.
701 3987 739 4044 ad
751 3991 766 4057 ς
779 3986 806 4044 8.
860 4028 862 4036 .

1362 3775 1364 3788 i

1364 3841 1365 3856 i

1359 3893 1361 3902 ι
