2740 4670
292 401 362 508 368
458 426 505 472 nn
531 423 678 474 sumnus
703 424 746 472 nr
772 423 895 472 causrs
921 425 1129 474 nonnosum

290 541 390 610 inter
406 537 730 626 concionandum,
747 538 936 610 cicatrices
959 538 1118 610 adverso
1130 565 1277 639 corpore

290 681 362 753 pro
380 657 499 753 patria
527 671 698 752 exceptas
723 669 944 742 ostentaret,
971 656 1166 754 adopertis
1183 661 1279 749 sorte

292 798 380 872 quae
393 771 560 844 velanda
581 787 707 860 erant,
734 787 915 844 tumorem
940 779 1134 869 inguinum
1152 768 1280 872 prori-

292 897 360 962 mis
376 896 489 961 nium
506 894 660 960 movisse
676 916 686 957 :
704 903 783 960 tum
800 915 890 962 vero
909 890 1039 977 illum,
1057 887 1130 962 'hoc
1145 917 1282 989 quoque

295 1007 400 1106 quod
423 1005 571 1092 ridetis,
601 1005 756 1095 dixisse,
786 1012 823 1076 in
856 1031 950 1102 equo
985 1006 1064 1077 dies
1098 1025 1283 1112 npctesque

289 1123 523 1226 persedendo
537 1123 682 1212 habeo,
698 1147 765 1194 nec
782 1129 898 1219 magis
916 1149 974 1194 me
990 1127 1089 1220 ejus,
1105 1151 1219 1222 quam
1242 1131 1282 1195 'ct'-

295 1246 471 1312 catricum
489 1240 624 1311 harum
637 1240 758 1338 pudet
764 1246 1015 1338 poenitetque,
1032 1241 1187 1338 qnando
1204 1266 1284 1312 nun·

297 1383 412 1456 qnam
439 1357 532 1428 milu'
558 1355 819 1456 impedimento
845 1356 900 1426 ad
920 1357 1189 1454 rempublicam
1207 1359 1285 1428 bene

293 1473 494 1572 gerendam
511 1473 616 1544 domi
633 1473 849 1572 militiaeque
856 1476 949 1565 fnit.
964 1475 1107 1545 Consul
1122 1490 1287 1548 autem-et

296 1593 471 1690 magister
494 1594 664 1688 equitum
690 1587 829 1680 fiterat,
857 1615 899 1661 ac
927 1606 1044 1664 teret
1071 1592 1187 1664 vicies
1212 1616 1287 1664 cum

295 1710 403 1782 hoste
422 1735 490 1808 per
508 1711 816 1808 provocationem
840 1695 1081 1806 pugnaverat.
1109 1713 1197 1782 Non
1214 1712 1288 1781 'erat

296 1827 409 1926 igitur
422 1828 503 1923 ejus
517 1851 665 1914 ramex,
683 1827 758 1898 sive
773 1827 804 1897 is
828 1825 1067 1920 bubonocele
1089 1823 1183 1916 tuit,
1202 1830 1286 1912 sive,

297 1946 470 2015 utLatini
486 1945 684 2043 inguinum
702 1968 795 2016 voce
812 1944 1036 2033 utebantur,
1056 1945 1286 2030 oscheocele;

299 2085 375 2130 non
403 2076 504 2146 erat,
524 2062 698 2158 inquam,
727 2087 772 2132 ex
799 2061 877 2134 istis
895 2061 1110 2158 ingentibus
1136 2087 1234 2160 quos
1252 2061 1304 2132 ab„

300 2193 412 2276 rupto
430 2180 635 2276 peritonaeo
652 2193 848 2276 repetunt;
883 2203 1021 2276 magno
1048 2181 1150 2250 enim
1176 2177 1288 2258 fuisset

301 2294 348 2365 ad
367 2320 408 2365 ea
429 2295 592 2392 gerenda
612 2296 906 2393 impedimento,
928 2319 1014 2366 cum
1041 2311 1179 2394 praeter
1198 2298 1286 2368 illum

265 2500 270 2508 ι
302 2438 423 2484 unum
445 2437 558 2511 quem
578 2437 689 2510 supra
706 2414 821 2510 (1)ex
837 2411 1056 2494 Meekrenio
1079 2416 1287 2496 memoravi,

302 2531 493 2600 neminem
511 2529 686 2628 legerim,
706 2530 812 2627 cujus
829 2529 1022 2628 expeditas
1033 2530 1236 2629 plerasque
1246 2555 1287 2602 ac-

302 2649 424 2719 tiones
439 2647 674 2719 obstaculum
688 2702 698 2736 ,
716 2673 890 2744 onusque
903 2648 1089 2744 ejusmodi
1103 2674 1185 2720 non
1199 2653 1288 2748 impe

304 2764 414 2856 diret.⁴
426 2764 673 2835 Celerrimum
691 2765 806 2863 igitur
820 2781 932 2862 atque
949 2765 1217 2862 longissimum
1235 2765 1287 2837 cal·

303 2881 453 2976 caribus
467 2883 622 2954 incitato
642 2907 741 2982 equo
759 2906 932 2966 cursum,
950 2905 1115 2978 eumque
1130 2881 1287 2956 creberri-

169 3080 174 3083 ,
247 3089 249 3092 ¹
303 3025 408 3100 mum
422 2999 637 3097 rumpendo
654 2998 858 3095 aliquando
870 3001 1073 3096 peritonaeo
1086 3016 1219 3098 aptum
1231 3023 1286 3072 cre·

304 3117 376 3206 d0;
394 3119 559 3212 itemque
586 3139 665 3185 non
686 3140 838 3188 omnem
866 3115 1017 3204 saltum,
1047 3141 1128 3189 non
1155 3137 1286 3188 omnen

305 3233 351 3304 ab
371 3234 445 3305 alto
464 3257 613 3320 casum,
631 3257 709 3303 non
729 3257 880 3304 omnem
898 3235 1035 3320 ictum,
1055 3259 1135 3303 non
1153 3254 1283 3306 omnen

305 3349 527 3438 clamorem,
542 3373 621 3420 non
635 3374 787 3420 omnem
800 3349 963 3447 denique
984 3365 1187 3440 conatum,
1205 3349 1284 3424 cohi-

303 3467 497 3564 bitamque
520 3468 825 3563 respirationem,
848 3493 930 3564 quac
945 3466 1067 3554 laxare
1086 3473 1232 3565 possint
1243 3488 1285 3564 pt·

305 3585 521 3668 ritonaeum,
539 3583 661 3674 eidem
676 3609 830 3682 quoque
846 3584 1117 3682 disrumpendo
1131 3589 1220 3659 satis
1228 3605 1282 3656 esse

302 3794 1284 3822 aum-*ww

348 3949 389 4031 (ι)
412 3953 450 4008 Ν.
473 3951 500 4006 s.
