2726 4676
319 437 388 520 ²40
480 453 526 498 nr
552 447 698 498 caninus
722 447 766 494 rr
790 445 914 494 causis
939 445 1145 494 uoraonun
1205 499 1212 516 ..

315 563 392 640 lere
405 563 560 636 assiduae
570 574 676 632 erant
695 557 856 656 querelae
873 556 920 630 de
932 557 996 630 illo
1008 557 1140 631 dolore
1154 559 1192 648 in
1217 583 1311 632 scro-

314 682 443 756 biculo
464 678 606 766 cordia,
627 677 758 776 pulsus
787 674 910 746 iidem.
948 680 1038 746 Tres
1066 690 1129 746 aut
1148 691 1310 772 quatuor

315 802 433 874 exacti
454 811 560 869 erant
582 796 671 866 anui
689 819 710 870 a
730 793 853 890 primo
881 791 1039 888 dysuriae
1056 793 1184 880 initio,
1204 818 1228 867 a
1247 819 1309 865 cae-

313 919 403 990 teris
426 931 550 988 autem
574 909 825 984 incommodis
849 932 996 982 menses
1015 909 1144 981 saltem
1168 910 1308 985 duode-

311 1035 461 1134 viginti,
488 1057 573 1102 cum
594 1052 838 1153 egoqquoque
866 1043 952 1098 ante
977 1025 1170 1112 Februarii
1195 1027 1307 1100 finem

312 1153 399 1223 auni
413 1177 451 1248 17
462 1176 473 1220 r
485 1148 571 1234 1‚ad
580 1170 719 1245 aegrum
731 1170 812 1216 sum
823 1147 1023 1216 accersitus
1035 1144 1306 1218 consolandum

312 1269 453 1368 potius,
477 1282 518 1338 ut
541 1267 661 1340 statim
683 1263 896 1336 domesticis
913 1261 1006 1356 dixi,
1033 1287 1147 1359 quam
1175 1287 1307 1334 curan·

312 1388 413 1460 dum.
425 1384 615 1482 Mingebat
630 1383 713 1479 plus
725 1381 858 1468 multa,
879 1403 990 1478 quam
1006 1379 1176 1478 potabat:
1190 1383 1305 1468 ¹urina

312 1520 436 1576 autem
452 1497 915 1584 exsubllavoalbicabaut,
934 1499 1006 1570 seri
1018 1500 1134 1570 instar
1144 1524 1304 1596 quocum

309 1620 414 1694 factis
433 1619 558 1691 adbuc
579 1619 625 1690 sit
645 1615 769 1714 portio
796 1614 970 1704 admista,
988 1618 1141 1686 materia
1169 1616 1301 1690 deinde

308 1738 525 1812 subsidente
543 1735 649 1822 alba,
680 1756 798 1831 pauca
814 1732 1017 1829 aliquando
1032 1748 1069 1804 et
1083 1736 1209 1824 tenui,
1227 1760 1301 1808 non

307 1880 426 1956 pauca
450 1856 539 1926 alias
573 1867 610 1924 et
640 1852 759 1935 lenta,
786 1865 823 1922 et
848 1850 994 1947 gravius
1014 1851 1158 1940 olente,
1190 1877 1302 1950 eaque

307 1974 442 2070 majori
454 1997 541 2043 cum
559 1969 706 2054 dolore,
726 1983 763 2040 et
773 1963 989 2040 difficultate
998 1969 1136 2064 ejecta,
1149 1970 1188 2041 id
1204 1969 1301 2068 quod

307 2093 406 2164 circa
444 2113 619 2160 auroram
655 2087 892 2185 potissimum¹
937 2084 1081 2158 solebat
1123 2089 1297 2182 acc’ulere.

306 2208 425 2278 Dolor
442 2222 566 2277 auteur
586 2207 624 2274 in
647 2203 771 2275 cordis
795 2201 1008 2288 scubiculo
1033 2205 1165 2288 saevior:
1189 2203 1299 2278 factus

305 2339 385 2398 erat
404 2323 516 2410 adeo,
538 2337 580 2394 ut
593 2347 689 2420 aeger
708 2319 867 2419 perinde
892 2345 971 2394 esse
988 2314 1149 2410 diceret,
1171 2348 1216 2396 ac
1235 2326 1263 2398 si
1280 2349 1298 2394 a

306 2441 461 2515 canibus
487 2442 705 2528 laniaretur,
723 2463 809 2511 cum
832 2437 1031 2537 ingruebat
1049 2442 1225 2516 acerbior
1236 2465 1297 2542 per

304 2558 514 2646 intervalla,
541 2582 618 2655 quo
643 2572 814 2655 tempore
839 2572 1027 2646 sternum,
1053 2574 1090 2632 et
1112 2563 1296 2656 proximas

301 2679 480 2776 utrinque
517 2691 642 2774 partes
682 2662 886 2748 condolere
921 2675 1070 2765 aiebat,
1108 2679 1293 2750 sinistrum

300 2811 425 2868 autem
439 2797 671 2892 superiorem
683 2807 805 2863 artum
819 2790 1011 2890 stupidum
1025 2790 1128 2882 fieri,
1145 2810 1185 2866 et
1202 2797 1294 2867 iner-

299 2929 392 3002 tem,
410 2925 448 2984 et
466 2935 533 2982 cor
550 2910 739 3006 denique,
758 2911 962 3006 prasertim
983 2891 1013 2982 si
1032 2912 1072 2980 in
1090 2910 1225 2984 laevum
1237 2937 1293 2986 cu·

297 3030 407 3103 baret
424 3029 539 3115 latus,
550 3027 706 3098 moleste
719 3025 911 3124 palpitare.
930 3029 1091 3125 Haecque
1107 3027 1291 3102 fiebantin

299 3147 379 3220 dies
402 3147 595 3245 graviora,
621 3158 663 3214 ut
686 3141 797 3214 facies
821 3139 923 3214 haud
947 3143 1130 3242 amplius,
1149 3150 1206 3218 uti
1222 3147 1290 3220 fere

297 3279 405 3338 antea
416 3262 579 3349 solebat,
598 3262 637 3330 in
654 3263 697 3332 iis
712 3259 855 3332 doloris
871 3261 1223 3340 exacerbationibus
1236 3291 1289 3338 ru·

295 3385 519 3492 berctrirno
531 3383 608 3479 jam
628 3403 757 3466 nasus,
781 3405 935 3468 manus,
953 3381 1068 3479 pedes
1092 3383 1288 3484 frigerent,

295 3515 333 3574 et
348 3499 453 3570 alvus
462 3524 576 3596 quarn
593 3501 704 3570 tertio
719 3522 873 3595 quoque
886 3498 947 3570 die
961 3499 1287 3584 hactenussolvere

294 3617 367 3688 levi
383 3616 540 3712 clystere
559 3631 797 3713 oportuerat,
817 3639 917 3686 nunc
938 3633 1024 3713 post
1035 3619 1203 3716 singulas
1214 3621 1285 3692 illas

293 3732 596 3805 exacerbationes
614 3732 749 3803 biliosa
771 3731 993 3804 effunderet
1022 3737 1078 3806 Ne
1100 3760 1193 3808 vero
1210 3738 1284 3836 quis
1348 3769 1349 3772 ¹

291 3849 387 3921 forte
398 3849 670 3946 suspicaretur,
686 3875 748 3921 eas
767 3876 813 3920 ex
825 3851 953 3920 vesicae
969 3851 1179 3926 irritatione
1189 3855 1282 3940 oriri;

291 3981 433 4066 quanto
457 3965 527 4036 illae
554 3966 785 4054 acerbiores,
803 3981 909 4038 tanto
939 3969 1051 4040 simul
1075 3970 1218 4044 leviora
1241 3968 1280 4042 ad
1347 4041 1348 4058 ,
