2746 4674
163 429 239 476 ιω.
271 429 330 478 ru.
355 429 404 503 na
429 427 895 488 uonnrsvrnrars,sr1sr.
921 413 1008 478 aar.¹
1036 429 1105 502 199

88 559 181 638 tuor
211 540 377 640 prolatis
400 555 578 628 testatur,
596 540 635 615 id
659 565 729 614 nos
754 545 850 612 Foro
879 541 987 627 Livii,
1010 542 1106 618 urbe

86 683 168 730 non
189 681 271 756 pro
292 682 337 730 oo
357 671 600 745 sumeretur,
616 655 761 754 fuitque
778 655 889 742 olim,
907 657 1040 731 ineolis
1053 659 1106 739 ni
1208 753 1209 757 Ἰ

86 777 211 846 mium
227 773 435 862 affluente,
461 798 549 848 vere
561 774 651 848 anni
672 798 783 871 1710,
803 773 844 849 in
865 775 1035 862 vesicas,
1061 791 1104 850 ut

86 907 254 980 vocant,
276 891 461 980 ischariu,
479 891 586 986 eujus
604 891 774 988 quinque
790 887 960 988 proferre
978 915 1102 992 posse

87 1031 197 1098 mus,
216 1011 324 1082 intra
344 1032 485 1106 paucos
508 1007 587 1082 dies
611 1005 776 1096 habitas,
800 1007 1100 1098 observationes,

89 1149 168 1196 nou
201 1127 357 1225 vulgari
381 1125 554 1224 exemplo
580 1124 979 1212 animadverteremus,
1007 1151 1101 1226 quus

88 1237 250 1316 fortasse
271 1269 352 1316 non
371 1244 421 1318 ita
435 1241 594 1330 absimili
613 1241 782 1316 modoac
799 1267 883 1320 suas
901 1244 964 1318 ille
978 1246 1100 1342 expli*

87 1361 203 1448 eavit,
220 1386 365 1462 magna
384 1387 428 1433 ex
440 1375 546 1460 parte
565 1360 751 1457 explicare
769 1359 907 1436 liceret.
925 1363 1098 1460 Cumigiv
1143 1463 1145 1468 Ι

85 1490 146 1546 tur
161 1501 210 1548 ex
225 1478 400 1576 quinque
413 1477 550 1549 nostris
568 1475 713 1548 civibus
726 1491 910 1574 quatuor,
930 1502 1112 1574 quorum.

87 1591 196 1666 alicui
209 1592 444 1666 medicinam
459 1592 532 1692 ipsi
549 1590 774 1680 feceramus,
789 1595 916 1669 civitas
928 1597 1096 1684 evasisse,

85 1708 189 1782 illum
207 1735 334 1784 unum
350 1712 459 1808 eujus
470 1711 733 1784 dissentionem
749 1711 891 1810 legisti,
909 1713 1093 1790 interiisse

87 1827 255 1911 videretz
283 1829 558 1928 providentiam
585 1843 805 1905 ceterorum
827 1830 866 1902 iu
894 1827 1095 1908 catheteris

86 1947 311 2044 tempestiva
326 1946 557 2018 immissione
573 1944 765 2034 laudabat,
795 1945 931 2020 medici
949 1945 996 2022 de
1014 1972 1093 2045 quo

89 2058 285 2159 loquimur
304 2063 515 2141 tarditatem
536 2064 549 2160 (
557 2063 642 2158 jure
659 2087 707 2134 an
724 2061 1093 2162 injuriu)redargue

88 2175 167 2252 bat..
178 2180 255 2252 Sed
272 2194 315 2252 ut
330 2180 407 2252 aliae
421 2182 460 2252 in
476 2181 557 2253 aliis
572 2179 696 2252 morbi
707 2205 825 2268 causae
841 2181 995 2278 aliaeque
1010 2206 1093 2255 oon·

89 2297 205 2389 poris,
227 2313 267 2370 et
286 2299 449 2396 partium
466 2314 504 2372 et
521 2299 637 2374 urinae
657 2296 893 2376 conditiones
910 2295 1019 2386 sunt,
1039 2299 1090 2378 ite

89 2408 224 2484 aliaalii
238 2414 389 2488 medico
405 2415 444 2485 in
460 2415 535 2486 alio
545 2428 747 2514 aegrotante
758 2437 838 2487 esse
851 2439 996 2500 eorum,
1007 2411 1089 2514 q'uoe

91 2525 158 2598 cito
180 2533 260 2630 agit
285 2546 349 2602 aut
370 2529 514 2620 differt,
532 2532 627 2603 ratio
645 2545 779 2628 potest.
800 2534 861 2603 Me
879 2531 1031 2629 quidem
1049 2533 1088 2612 in

89 2665 168 2716 meo
182 2701 192 2733 ,
207 2646 442 2722 facilioribus
463 2650 557 2738 cito,
576 2646 642 2720 sed
666 2646 804 2722 frustra
824 2647 1019 2735 adhibitis,
1048 2651 1087 2720 in

92 2762 287 2850 eathoreris
305 2790 376 2838 usu
395 2765 593 2838 celeritatis
612 2790 691 2838 nou
705 2765 898 2863 poenituit,
917 2767 1089 2862 quamvis

91 2876 269 2981 chirurgo
286 2883 401 2954 nimia
421 2881 517 2954 adeo
539 2881 751 2969 rideretur,
770 2896 813 2952 ut
836 2894 993 2980 propter
1011 2882 1088 2955 eni-

93 3015 195 3090 guam
208 2999 442 3098 hypogastrii
457 3001 667 3095 tensionem
681 2997 777 3070 nibil
787 2997 903 3072 urina
916 3001 955 3074 in
966 2999 1087 3074 vesica

94 3133 164 3184 esse
183 3133 422 3190 asseveraret.
442 3115 563 3208 Quem
580 3141 659 3189 non
673 3132 748 3190 tam
766 3117 890 3214 signa,
905 3141 985 3214 quae
1000 3115 1086 3192 abe

93 3247 190 3322 rant,
208 3235 380 3308 isoburiae
398 3236 558 3329 nonalis,
573 3251 608 3308 et
624 3237 728 3334 signa
743 3249 872 3306 oaetera
883 3287 893 3322 ,
904 3259 987 3332 quae
999 3233 1087 3310 adef

95 3353 464 3437 immensissimas
482 3353 671 3441 vesicalis,
689 3376 804 3450 quam
824 3375 884 3424 res
899 3351 979 3449 ipso
995 3375 1087 3425 oon*
1105 3383 1113 3403 ¹

93 3461 196 3538 tinuo
207 3469 353 3544 refellit.
370 3446 538 3544 lmniissa
560 3473 661 3542 onim
678 3467 823 3554 fistula,
845 3468 979 3542 lotium
995 3467 1086 3542 edm

96 3579 143 3651 xit
153 3585 196 3655 ad
206 3587 321 3660 libras
341 3603 435 3678 tres,
451 3614 590 3685 magno
603 3612 689 3658 oum
705 3587 792 3684 aegri
809 3586 1006 3671 levamine,
1022 3585 1086 3660 mi

99 3703 203 3775 rantis
232 3705 334 3777 unde
364 3704 435 3776 sibi
470 3707 537 3804 qui
564 3729 698 3804 parum
727 3703 900 3790 bibisset,
940 3717 1085 3774 tantum

100 3817 204 3891 urinae
224 3824 263 3894 in
279 3824 404 3896 vesica
422 3837 538 3910 esset,
555 3824 694 3924 quippe
715 3823 923 3922 ignorantis
942 3845 1018 3890 uon
1033 3843 1089 3890 ra·

103 3950 139 4000 ro
154 3959 234 4010 cum
247 3965 290 4012 ea
304 3943 567 4040 suppressione
585 3939 807 4013 diabeticam
823 3936 1026 4036 quamdam
1038 3935 1087 4007 af-
