2790 4668
139 405 206 450 ma.
234 403 289 462 nr.
318 403 365 450 nc
391 401 527 456 monis
546 402 713 467 vaurms,
732 403 851 450 amsa.
878 387 974 450 xilv.
1002 381 1069 468 481

77 517 219 588 nullum
231 530 436 594 tamencum
452 516 550 612 ipsa,
569 515 875 590 aut-nentricdlus
891 519 1076 590 erosionis
1161 577 1165 616 3

77 633 262 707 habebant
275 633 455 710 indicium
468 649 536 718 ,ut
552 655 685 704 recens
704 657 815 704 causa
831 633 956 731 aliqua
973 635 1077 706 credi

78 767 200 848 posset
218 751 256 822 id
272 749 379 848 quod
396 752 435 822 in
448 737 630 823 duodeno
644 750 872 850 describant,
893 750 1078 842 effecisse,

77 872 288 967 praesertim.
303 893 390 943 cum
407 893 498 966 pus,
519 871 640 966 granis
665 869 781 957 odor,
802 871 1011 943 crassitudo
1040 886 1091 942 et'

77 989 301 1084 inaequalitas
319 987 530 1074 labrorum,
553 987 700 1084 aliaque
717 971 845 1058 omnia
862 988 999 1060 ulceris
1019 991 1084 1078 ing·
1161 1081 1163 1086 Ι

78 1105 168 1176 dicia
186 1106 371 1178 abessent.
388 1097 603 1178 'Intervallo
636 1105 778 1202 gemini
803 1107 1009 1178 transversi
1029 1105 1082 1176 di·
1157 1177 1159 1182 ,

79 1224 138 1320 giti
156 1221 255 1296 infra
277 1223 470 1321 pylatum,
492 1224 597 1296 locus
617 1237 696 1294 erat
718 1223 756 1292 in
784 1247 860 1318 quo
881 1224 1081 1296 interiores

78 1341 227 1413 deerant
243 1342 586 1427 intestinieunteae,
606 1340 735 1436 sicque
756 1337 942 1410 orificium
956 1340 1061 1410 ,relin
1079 1369 1084 1398 ε

78 1457 261 1553 quebatur
281 1459 388 1556 digiti
415 1482 555 1555 capax,
581 1481 659 1554 quo
686 1457 868 1552 immisso,
896 1454 1004 1528 facile
1023 1481 1083 1528 exa

77 1588 236 1647 trorsum
249 1574 392 1660 cedens
411 1577 537 1647 tunica
554 1575 726 1656 omnium
747 1576 882 1644 extima
898 1575 937 1642 in
959 1573 1083 1670 quod'-

79 1691 156 1764 darn
175 1677 285 1790 quasi
298 1691 824 1766 diverticulumformabatur.
844 1692 937 1762 Lien
956 1715 1081 1781 sanus;

79 1809 137 1882 sed
155 1811 278 1885 multo
295 1813 421 1885 minor
430 1811 603 1906 justo,.et
623 1811 734 1908 plane
749 1811 914 1907 exignus.
929 1812 1084 1883 Arteria

79 1952 214 2025 maguae
224 1935 382 2002 truncus
393 1930 496 2002 iulus
506 1927 1080 2025 hahuit,qnapartelumborum

79 2047 259 2118 vertebris
272 2045 506 2133 adhaerebat,
522 2068 693 2143 squamas
707 2067 831 2118 osseas
844 2071 923 2116 non
938 2035 1083 2116 medio·

81 2185 173 2234 cres:
193 2163 297 2237 idern
313 2163 798 2252 tamen'intrathoracem,
822 2189 901 2234 non
920 2144 1028 2236 secus
1040 2189 1083 2236 ao

81 2303 160 2368 cor,
176 2265 399 2354 sanissimus
411 2278 492 2352 luit.
510 2283 643 2352 Vesica
662 2282 825 2351 urinaria
837 2305 946 2377 aequo
958 2283 1084 2352 minor
1153 2375 1155 2380 Ι

81 2421 144 2494 pro
161 2399 309 2495 reliqua
330 2400 500 2496 corporis
516 2398 787 2495 magnitudine.
805 2403 848 2468 .N
852 2398 917 2467 ihil
936 2400 974 2488 in
999 2380 1101 2470 ure·¹

81 2513 158 2586 thra
175 2516 479 2610 animadversum
498 2515 708 2612 peculiare,
723 2515 794 2584 nisi
809 2515 965 2610 granula
975 2518 1083 2610 quasi

81 2633 223 2706 abaco·
234 2632 281 2705 ad
292 2633 425 2706 :oscula
439 2646 611 2729 prostatae
627 2630 820 2728 glandulae.
864 2632 867 2636 ’

125 2775 181 2820 aa.
210 2752 343 2822 Virum
369 2751 545 2836 alterum,
572 2749 637 2820 illo
659 2749 852 2845 aliquanto
869 2749 1079 2842 juniorem,

81 2891 153 2962 quo
173 2869 345 2964 corporis
362 2867 509 2950 habitu,
531 2866 685 2938 atnnde
706 2869 923 2952 mortuum,
939 2881 976 2936 et
996 2865 1083 2955 ubi,

82 2999 115 3056 et
123 2985 275 3080 qnando
290 2986 491 3072 secuerim,
510 2985 633 3056 obiter
652 2984 748 3069 dixi,
770 2983 915 3053 cumde
928 2983 1083 3054 hamor-

82 3100 275 3181 rhoidibus
294 3103 412 3200 ipsius
438 3085 643 3173 scriberem
669 3083 828 3198 epistola
847 3105 986 3170 XXXII
1006 3097 1082 3197 (1);

83 3220 230 3316 utquid
256 3223 294 3290 in
317 3244 460 3291 summa
478 3219 639 3291 ¹urethra
660 3218 839 3305 viderim,
859 3218 920 3288 hic
944 3218 1083 3290 addere
1115 3307 1121 3331 x

85 3339 165 3408 satis
184 3340 241 3410 sit.
262 3336 679 3410 Caruncula.semi11alis
697 3335 743 3406 ad
763 3336 878 3406 latera
896 3334 1028 3406 hahuit
1042 3347 1085 3406 ea

84 3450 126 3522 de
146 3455 287 3552 quibus
303 3455 518 3552 loquimur,
537 3453 712 3552 granula,
730 3477 751 3522 a
770 3477 934 3549 quorum
951 3453 1086 3548 aliqui·
1114 3537 1119 3552 Ι
1225 3509 1234 3526 ,

83 3567 150 3642 bns
164 3572 239 3646 loci
257 3571 432 3658 madore,
452 3587 493 3643 ut
512 3573 668 3668 opinor,
695 3569 884 3645 dissolutis
902 3595 980 3640 non
997 3572 1088 3641 vici-

97 3775 1095 3805 mmmm-unques}

90 3915 91 3918 Ὺ
123 3943 223 4114 (1)5n.
250 3968 284 4004 ιο
300 3949 332 4004 in
347 3947 415 4005 fine.
