2726 4676
778 281 788 324 Ι

319 401 388 474 208
481 425 536 473 uu
553 419 700 470 sumans
724 420 769 466 ur
793 419 918 472 causis
943 419 1151 472 uoasoaurt

315 531 829 628 bribusscribetur(1·)‚ad-te
846 533 1002 606 mittam.
1020 535 1077 606 Ad
1096 551 1240 634 partem
1257 563 1308 614 ve·

315 681 360 728 ro
378 655 478 726 illius
492 651 654 722 ambitus
667 665 849 748 spectasse
861 650 993 738 credo,
1006 676 1087 748 quae
1100 655 1138 724 in
1151 659 1308 728 sectione

316 766 704 867 hac(a)exGassendu
720 768 957 863 proponitur,
967 769 1023 840 ad
1031 771 1159 842 vesicae
1171 773 1309 870 aphiac-

317 905 429 960 terem
448 884 650 986 caruncula
663 883 847 954 callosave
860 884 1084 974 substantia,
1097 909 1194 983 qnoe*
1203 891 1308 979 infir·

315 1029 363 1075 ne
378 1002 551 1074 lunulam
567 1017 603 1071 et
617 1006 745 1072 triente
756 1023 879 1098 prope
893 999 1002 1097 digiti
1015 1002 1150 1089 derasa,
1171 1021 1307 1076 meatus

317 1123 498 1217 orificium
510 1119 732 1190 obstruebat.
750 1117 864 1212 Cujus
882 1119 1093 1216 incipientis
1108 1123 1306 1192 caruncula

316 1233 1307 1332 etsialiasameexemplumtuminepistoiaXXXVllid)

314 1355 495 1442 habuisti,
511 1330 590 1423 tastu
602 1353 639 1422 in
654 1377 727 1422 una
743 1376 787 1422 ex
802 1353 1305 1449 proximis(d)eshabiturns3

314 1474 437 1572 placet
453 1487 575 1543 tamen
591 1485 634 1540 ut
652 1469 822 1556 tertium,
836 1471 977 1566 qnippe
990 1469 1104 1544 breve
1119 1472 1306 1544 necferme

314 1591 388 1662 alio
405 1591 584 1674 attinens,
604 1586 679 1658 huc
696 1584 841 1656 addam.

369 1708 421 1780 18.
453 1704 640 1804 Agricola,
659 1727 778 1774 annos
800 1717 909 1776 natus
923 1704 1093 1804 quinque
1113 1723 1150 1778 et
1167 1723 1305 1806 septua-

315 1829 438 1926 ginta,
453 1851 497 1896 er
514 1822 685 1919 hydrope
704 1822 815 1892 ascite
833 1821 871 1890 in
893 1821 966 1894 hnc
981 1823 1192 1898 decesserat
1208 1851 1304 1898 uoso-
1354 1883 1355 1920 ζ

300 1931 452 2028 comio,
468 1943 620 2012 ineunte
631 1963 732 2008 atino
752 1931 835 2034 1741
852 1963 861 2026 3
880 1963 957 2035 qno
975 1955 1145 2040 tempore
1161 1968 1302 2042 organa,
1354 1925 1355 1952 ¹

315 2062 433 2132 urinae
452 2073 488 2128 et
513 2057 664 2128 seminis
684 2055 797 2152 gratia
822 2055 993 2141 condita,
1012 2057 1063 2132 ibi
1085 2084 1156 2156 ego
1179 2061 1303 2134 studin

316 2180 364 2250 sis
391 2171 692 2245 adolescentibus
724 2197 792 2270 per
822 2188 1021 2246 anatomen
1051 2194 1302 2273 praemonstra·

313 2295 413 2366 ham.
435 2298 488 2364 Ex
505 2291 683 2363 cadavere
704 2291 819 2388 igitur
838 2315 879 2364 ea
900 2291 1078 2366 duntaxat
1096 2319 1237 2394 organa
1257 2318 1302 2364 ac·

315 2426 422 2509 cepta
439 2410 682 2509 perlustravi„
696 2411 740 2481 Iu
766 2407 1015 2514 quibuscum
1037 2411 1107 2492 alia
1130 2411 1301 2483 nonnulla

313 2530 438 2600 min-us
457 2526 610 2624 quidem
631 2525 761 2614 obvia,
778 2525 842 2599 sed
860 2542 984 2598 tamen
1000 2527 1104 2600 haud.
1117 2531 1300 2616 morbosa,

314 2644 572 2730 offendissem,
594 2643 772 2740 quaealias
788 2643 1118 2746 memorabuntura
1136 2653 1300 2720 tunchaec

311 2763 558 2836 animadverti
589 2785 670 2858 quae
701 2759 747 2832 ad
776 2759 938 2853 morbos¹
963 2777 1185 2859 spectarent.
1218 2768 1300 2835 Cum

312 2865 498 2966 scrotum,
517 2894 560 2950 ut
572 2880 708 2975 saepius
722 2880 759 2946 iu
772 2877 1094 2966 ascite‚turnerct,
1112 2865 1210 2976 a'qua
1227 2881 1299 2978 plu·
1353 2945 1354 2958 ,

310 3001 405 3070 rima
419 3011 499 3068 erat
511 2999 551 3068 in
564 2995 659 3066 darti
675 2993 837 3081 cellulis,
852 2996 909 3066 vix
924 3019 1042 3092 pauca
1053 2998 1149 3068 iutra
1163 3000 1298 3096 vagina·
1353 3073 1354 3084 χ

310 3117 384 3187 lem
394 3113 610 3186 utramlibet
620 3113 784 3183 tunicam
801 3138 808 3178 :
825 3136 1040 3209 quanquam
1055 3138 1100 3185 ex
1112 3113 1298 3212 albugiuea
1353 3093 1354 3106 ἵ

310 3257 385 3330 qua
402 3215 614 3302 testiculum
631 3229 758 3313 vestit,
782 3229 1004 3326 corpuscula
1024 3221 1214 3304 exstarent·
1227 3253 1296 3327 qua

310 3328 380 3447 pio
396 3348 650 3445 disruptarum
665 3344 885 3441 hydatidum
901 3346 1073 3444 reliquiis.
1085 3350 1205 3446 accipi
1217 3373 1236 3418 a
1247 3369 1295 3416 me
