2814 4674
288 361 334 436 88
453 383 500 430 ns
526 380 671 430 seorsus
689 365 741 426 ‘ar
766 379 889 428 causo
914 381 1122 432 nonnosum

287 495 390 568 feldii
404 493 459 592 (1)
472 494 703 589 conjectura,
714 516 826 588 quam
839 509 988 566 secutus
998 511 1052 567 est
1062 494 1317 595 Schorkopf·

154 601 158 608 ’
227 649 232 660 ·
285 613 444 709 fius(a)‚
464 626 506 682 ut
525 635 602 708 quo
622 613 728 708 signo
751 612 883 698 ovarii,
908 628 945 684 et
962 611 1059 684 tubae
1076 613 1313 712 hydropem

289 732 646 814 internosceremus,
658 728 825 799 doceret:
839 727 904 799 sed
918 729 1197 827 progrediente
1208 757 1312 802 mor·

186 835 188 838 ⁵
288 849 362 936 bn,
381 864 566 919 tumorem
578 871 656 916 non
669 847 793 917 minus
809 845 990 943 hydropis
1006 847 1046 918 in
1059 846 1168 936 tuba,
1186 873 1313 946 quam

290 964 559 1061 aneurysmatis
578 963 617 1034 in
634 965 785 1050 arteria,
802 962 849 1034 ad
866 963 1033 1052 ovalem,
1051 981 1115 1036 aut
1140 966 1314 1064 sphaeri-

292 1107 374 1154 cam
407 1079 567 1178 figuram
592 1080 768 1152 accedere
793 1105 870 1150 non
896 1079 1047 1168 dubito,
1080 1083 1192 1179 quod
1222 1089 1313 1156 Mum

290 1198 405 1270 nickii
422 1196 623 1269 delineatio
652 1196 867 1294 hydropicae
892 1197 989 1270 tubae
1012 1190 1247 1288 confirmat,
1278 1203 1312 1270 ei

291 1314 1065 1411 observationiaddita‚quaeanobiseadem
1076 1318 1245 1414 epistola
1255 1315 1313 1414 (3)

290 1431 439 1504 laudata
456 1447 519 1503 est.
539 1435 720 1502 Caeterum
739 1431 830 1503 dum
844 1431 973 1530 plures
993 1435 1144 1504 testium
1169 1434 1310 1504 mulie-

291 1549 419 1620 brium
437 1548 595 1620 tumoris
616 1549 901 1654 cujusquemodi
931 1549 1103 1622 historias
1126 1550 1311 1622 attende-

295 1691 399 1754 rem,
418 1667 545 1738 venire
563 1669 601 1736 in
620 1682 783 1737 mentem
800 1675 981 1765 coeperat,
1002 1665 1159 1739 fortasse
1173 1667 1310 1740 adalia

296 1784 414 1881 ipsius
424 1784 559 1854 indicia
572 1783 725 1880 adjungi
737 1783 809 1854 hoc
825 1808 952 1890 posse,
967 1785 1069 1882 quod
1082 1788 1112 1856 is
1126 1786 1169 1856 in
1182 1784 1310 1883 hypo-

298 1901 1307 2000 gastriisinistraparteincipiat.Intesteenimsinistro,

298 2043 378 2090 non
403 2017 573 2104 dextero,
602 2033 790 2090 tumorem
818 2015 928 2089 fuisse
957 2019 1305 2090 animadvertebam

210 2122 212 2126 ⁵
299 2159 378 2206 non
391 2133 509 2206 modo
527 2158 642 2230 quem
659 2132 964 2232 Manfrediusffi),
981 2151 1043 2208 aut
1061 2162 1129 2235 ego
1145 2159 1305 2234 quoque

300 2233 554 2322 observassem
568 2249 640 2346 (5),
653 2276 781 2324 verum
795 2254 904 2324 etiam
916 2277 1011 2352 quos
1020 2257 1305 2352 conspexissent

297 2365 565 2464 Kerckringius
587 2366 664 2465 (6),
689 2367 884 2468 Wepferus
907 2371 980 2468 (7),
1006 2371 1198 2443 Harderus
1225 2368 1302 2466 (8),

298 2482 466 2556 Nuckius
483 2484 556 2592 (9),
581 2486 854 2564 Drelincurtius
874 2487 974 2585 (ιο),
992 2477 1176 2562 Reiselius
1197 2485 1279 2585 (11)

405 3387 544 3464 spicileg.
563 3399 640 3444 anat.
654 3387 719 3460 obs,
734 3406 782 3454 πο,

403 3488 492 3561 Apud
508 3487 697 3564 Schorkopff.
710 3489 784 3552 thes.
801 3507 848 3560 17.¹

404 3587 480 3642 Ibid.
494 3587 568 3643 thes.
587 3585 634 3644 15.
