2810 4668
323 425 394 523 590
489 451 535 496 nn
562 449 709 497 sanutus
735 451 778 496 ur
804 449 929 497 causis
953 405 1162 498 monitorum

332 703 566 726 mm
570 703 878 726 mmmm

363 885 597 960 EPISTOLA
622 884 1126 960 ANATOMICO-MEDICA
1148 887 1285 962 xtvu.

315 1121 455 1216 Agitur
478 1117 526 1188 de
552 1123 737 1190 Menstrzu‘
757 1117 903 1190 Fluctus
921 1123 1039 1207 vitiis,
1060 1132 1099 1190 et
1116 1119 1166 1190 de
1187 1121 1315 1192 Fiuore

729 1234 915 1308 Muliebri.

313 1442 428 1580 Em
447 1511 610 1580 Bonetus
630 1509 785 1608 singolis
796 1508 901 1580 hisce
912 1510 1148 1606 argumentis
1156 1510 1315 1607 singulas

312 1627 500 1713 sectiones
513 1627 683 1700 attribuit
701 1629 894 1710 XXXV'et
908 1631 1083 1716 xxxv1;
1100 1641 1228 1698 tamen
1243 1651 1315 1699 non

311 1769 389 1817 una
420 1743 649 1818 mihicausa
673 1761 743 1834 est,
770 1769 838 1816 cur
863 1745 975 1816 ambo
994 1745 1053 1816 his
1077 1746 1164 1818 unis
1188 1746 1316 1817 litteris

313 1863 554 1961 complectar.
582 1867 678 1936 Nam
703 1862 799 1934 illud
821 1863 987 1962 primum
1005 1862 1317 1951 animadverti,si

310 1981 445 2078 ionga,
470 1996 507 2052 et
526 1980 657 2052 crebra
680 1979 822 2053 scholia
842 1979 1032 2068 detrahas,
1047 2005 1232 2078 weaqueus
1244 2005 1315 2076 quo

310 2097 470 2171 meliora
497 2101 538 2168 in
567 2098 722 2170 medicis
753 2099 890 2170 sch'olis
922 2100 1059 2171 tradita
1087 2111 1197 2188 sunt,
1215 2098 1315 2168 'hand

310 2240 398 2286 raro
414 2215 578 2305 inutilia,
593 2241 670 2285 non
685 2217 737 2287 ita
751 2215 888 2288 multas
897 2217 1026 2288 inistis
1037 2216 1315 2290 brevibusaiio

311 2333 405 2430 quin
416 2331 937 2426 sectionibusobservationes
952 2329 1156 2432 superesse.
1171 2334 1315 2406 Deinde

311 2473 357 2522 ex
372 2449 432 2524 his
450 2475 528 2523 esse
539 2451 701 2550 aliquas,
713 2469 756 2524 ut
770 2455 934 2524 Bonetus
946 2454 1026 2550 ipse
1038 2449 1196 2540 fatetur,
1214 2452 1314 2524 abeo

309 2565 399 2640 alibi
415 2571 629 2667 propositas
644 2571 722 2641 imo
741 2585 777 2642 et
796 2562 999 2642 nonnullas
1017 2594 1118 2669 quae,
1138 2572 1224 2668 ipso
1239 2593 1314 2641 non

309 2685 512 2774 sentiente,
539 2687 580 2758 in
610 2711 682 2758 una
713 2687 919 2786 eademque
945 2689 1112 2760 sectione
1135 2703 1314 2785 repetun-

307 2817 387 2892 tur,
410 2819 555 2902 utputa
575 2806 615 2878 in
635 2806 772 2877 XXXV
793 2805 1094 2878 observationem
1118 2807 1184 2891 IV,
1216 2807 1256 2876 in
1273 2829 1311 2877 ea

306 2923 476 2994 iteratam
499 2948 581 3020 quae
606 2923 676 2996 sub
698 2923 961 2996 observatione
981 2929 1050 2996 VII
1069 2923 1207 2995 ultimo
1232 2924 1313 2994 loco

307 3055 384 3131 est,
406 3065 544 3138 nempe
565 3043 590 3133 S
618 3065 660 3112 ιο
671 3043 734 3129 ;.in
748 3042 914 3112 sectione
927 3057 1051 3112 autem
1063 3044 1223 3112 XXXVI
1237 3065 1312 3113 eam

305 3183 388 3255 quae
415 3151 687 3229 observationis
711 3158 729 3228 Ι
754 3161 778 3250 §
802 3183 812 3227 1
837 3155 991 3255 legiiur,
1016 3159 1217 3255 repetitam
1238 3161 1264 3252 S
1283 3186 1309 3228 2.

304 3265 395 3368 Qirae
417 3276 661 3373 repetitiones
683 3299 728 3346 eo
750 3276 876 3345 minus
900 3272 1061 3346 ferendae
1083 3292 1192 3366 sunt,
1213 3275 1312 3375 quod

304 3410 369 3466 aut
392 3393 561 3466 secundo
582 3393 668 3464 loco
686 3390 906 3490 imperfecta
926 3391 1084 3464 historia
1110 3411 1185 3480 est,
1209 3412 1252 3466 ut
1275 3397 1310 3463 in

303 3513 477 3610 exemplo
490 3503 608 3582 altero
617 3565 626 3600 ,
636 3525 701 3581 aut
711 3511 822 3581 etiam
835 3509 1058 3607 utrobique,
1068 3527 1111 3582 ut
1122 3512 1162 3580 in
1175 3515 1308 3610 primo.

301 3632 380 3700 Nec
402 3655 493 3702 vero
520 3629 643 3714 dicas,
670 3629 851 3724 utrinque
879 3629 985 3723 rejici
1010 3629 1172 3701 lectores
1192 3631 1242 3702 ad
1261 3638 1307 3700 tit.

237 3813 240 3823 1
303 3747 351 3819 de
377 3753 518 3820 uentris
544 3763 688 3817 tumore
709 3744 768 3816 lib.
803 3746 835 3818 3.
861 3745 1061 3818 versandae
1079 3739 1195 3818 'enim
1226 3763 1309 3820 sunt

205 3921 209 3930 .
302 3867 464 3968 grandes
479 3865 624 3963 paginae
644 3879 796 3935 centum
817 3864 1009 3960 octoginta
1027 3888 1107 3952 sex,
1119 3879 1163 3934 ut
1175 3867 1216 3938 in
1229 3891 1306 3936 eam

300 3985 466 4082 denique
487 3979 682 4053 historiam
700 3981 931 4070 incidamus,
951 3981 1064 4080 longe
1084 3981 1167 4056 aliis
1185 3983 1305 4056 verbis
