2726 4676
276 375 346 450 260
438 399 485 448 ιιι
511 395 655 448 srnrrus
680 397 724 446 ιιι
749 397 872 448 οιιιιιι
897 393 1105 446 norinorum

272 530 394 587 tentes
421 515 462 584 in
491 510 742 610 lithographia
769 513 976 608 proposuit.
1009 516 1116 584 Certe
1150 527 1263 582 autern

271 629 458 703 Morando
489 630 572 699 viro
603 629 924 726 experientissimo
960 629 1192 702 credendum
1216 646 1263 702 est

271 747 450 822 scribenti
461 745 535 841 (ι),
553 745 735 834 calculos,
753 769 848 842 quos
857 762 967 816 vocat
978 747 1158 835 murales,
1173 772 1264 818 eam·

271 865 358 938 dem
378 888 489 961 quarn
508 887 690 949 marmor,
710 863 913 959 polituram
939 865 1130 960 accipere:
1149 866 1264 960 itaque

269 984 430 1052 invictos
447 994 612 1077 perstare
628 979 786 1050 credidit
797 959 856 1051 vel
869 980 916 1051 ab
930 1005 975 1052 eo
996 982 1035 1050 in
1051 1005 1129 1076 quo
1147 995 1203 1052 tot
1218 1005 1262 1051 so·

270 1098 384 1170 lerter
395 1082 674 1195 periculefecit,
687 1095 962 1194 lithontriptico
975 1097 1160 1185 remedi0,
1170 1096 1262 1195 quod

271 1214 373 1313 apud
383 1214 522 1312 Anglos
534 1237 612 1284 non
629 1214 681 1284 ita
698 1213 845 1310 pridem
860 1214 1050 1312 vulgatum
1060 1213 1201 1301 fuerat,
1216 1240 1264 1284 cu·

268 1330 330 1428 jus
347 1353 418 1427 ope
439 1330 530 1402 ulios
550 1354 628 1400 non
646 1341 786 1428 panco's
805 1329 970 1402 calculos
980 1344 1044 1400 aut
1056 1331 1266 1402 imminutos

272 1464 337 1520 aut
361 1449 469 1519 etiam
486 1447 707 1544 absumptos
729 1443 840 1518 {uisse
857 1448 940 1544 ipso
961 1471 1114 1544 quoque
1133 1449 1174 1522 in
1193 1471 1264 1544 sep·

271 1580 349 1636 tem
377 1566 573 1636 catheteris
606 1562 748 1634 indicio
775 1579 994 1662 perceptum
1025 1579 1099 1652 est,
1122 1567 1264 1636 miratu·

271 1685 340 1769 ris,
361 1685 391 1754 si
410 1685 601 1769 viverent,
617 1681 816 1753 Francisco
834 1681 957 1778 Sylvio
974 1697 1013 1754 et
1027 1681 1263 1769 Boerhaavio‚

271 1801 439 1898 praestari
452 1823 519 1895 per
536 1795 712 1868 alkalicos
731 1797 844 1883 sales,
865 1799 943 1868 imo
959 1823 1037 1868 non
1053 1823 1123 1896 per
1132 1800 1221 1870 alios
1229 1797 1263 1868 id

270 1919 436 2016 praestari
453 1939 561 2014 posse
585 1914 677 2003 dici,
699 1915 803 2013 quod
823 1915 916 1987 alter
931 1919 943 2001 t
948 1916 984 2014 2)
1001 1941 1022 1988 a
1045 1917 1137 1988 salis
1146 1932 1263 2016 petre

272 2051 341 2104 aut
362 2038 453 2104 nitri
474 2031 585 2102 acido
609 2037 763 2132 spiritu,
784 2034 876 2104 alter
891 2032 944 2130 (3)
959 2058 979 2104 a
996 2033 1099 2104 nullo
1117 2037 1206 2127 fere
1230 2035 1262 2104 li·

176 2153 179 2169 '
275 2151 389 2248 quido
407 2165 550 2248 prepter
566 2155 738 2248 spiritum
750 2156 857 2240 nitri,
873 2149 970 2223 effici
982 2151 1173 2224 docuerat.
1194 2153 1266 2222 Uti·

271 2292 360 2338 nam
385 2293 474 2338 vero
500 2266 601 2339 idem
632 2268 809 2340 omnibus
840 2284 903 2340 aut
928 2269 1057 2341 saltem
1086 2270 1266 2367 plerisque

272 2384 409 2481 anglici
426 2385 524 2456 illius
543 2386 700 2456 remedii
712 2409 783 2456 usu
800 2389 1006 2484 praestitum
1017 2384 1131 2458 fuisse
1148 2387 1266 2457 mirari

273 2516 453 2600 possent:
473 2502 615 2572 utinam
637 2502 767 2574 saltem
787 2527 866 2573 non
890 2506 1074 2575 nocuisse.
1096 2507 1144 2574 At
1172 2506 1202 2576 si
1221 2518 1268 2574 tot

272 2618 353 2690 illas
374 2634 504 2716 postea
524 2619 670 2692 additas
685 2622 924 2717 exceptiones
945 2621 1209 2719 perpenderis,
1234 2623 1267 2690 in

273 2735 413 2832 quibus
434 2751 470 2806 et
487 2761 536 2806 ete
557 2751 644 2807 sunt
656 2761 749 2834 quas
769 2737 939 2808 acalculi
955 2753 1104 2826 natura,
1126 2737 1174 2809 ab
1190 2738 1267 2835 regri

272 2867 396 2941 aetate,
421 2850 468 2922 ab
495 2852 739 2950 ejusdemque
768 2868 1064 2950 temperamento
1095 2854 1267 2951 petendas

272 2970 317 3042 cl.
338 2971 524 3040 Hazonius
542 2970 595 3064 (4)
608 2971 779 3066 exposuit
793 2997 810 3059 ;‹
824 2993 937 3067 quarn
955 2995 1050 3068 saepe
1064 2972 1266 3044 remedium

273 3102 337 3156 aut
351 3085 482 3157 inutile
495 3101 559 3156 aut
573 3087 728 3156 noxium
741 3090 1012 3185 essepotuerit,
1025 3085 1104 3158 non
1115 3089 1267 3161 obscure

272 3202 467 3301 apparebit
485 3229 492 3270 :
516 3217 563 3288 et,
580 3203 611 3273 si
628 3202 803 3274 historias
819 3219 856 3274 et
871 3203 1114 3277 dissentiones
1132 3207 1268 3305 legeris,

328 3570 357 3647 1)
376 3573 465 3625 Mem.
481 3570 517 3625 de
534 3570 645 3626 l'Acad.
659 3588 724 3644 roy.
742 3570 793 3626 des
806 3572 933 3642 Scan.
951 3581 1036 3644 ¹74⁰

329 3915 357 3995 ι.)
381 3919 489 3986 Quaest.
506 3918 542 3974 de
554 3915 600 3974 his
612 3917 706 3988 edita
721 3937 751 3974 ιι.
770 3923 797 3984 4

377 3689 461 3742 Prax.
477 3685 554 3740 med
568 3686 587 3740 l
604 3705 636 3756 1
653 3705 678 3741 c
694 3684 792 3756 5511.
809 3684 855 3742 50.

328 3801 507 3860 3.Praelect
521 3801 583 3856 ad
575 3803 698 3872 instit.§
684 3807 780 3878 §791

312 3570 324 3647 t

311 3685 342 3768 n

314 3802 344 3864 ιι

315 3916 327 3998 t
