2810 4668
312 410 383 510 574
422 483 427 492 ,
476 435 522 480 nr.
548 432 694 480 seorsus
719 431 763 478 rr
789 427 914 480 crutis
939 430 1149 482 moruorum

310 551 469 623 haberet
487 548 705 644 vestigium3
727 568 925 644 nunquam
954 550 1046 621 illuc
1065 575 1104 622 se
1134 555 1325 649 conjicere

307 668 466 742 materia
491 667 615 764 Potuit
639 689 722 761 quae
742 687 788 736 ex
810 667 975 738 uretbue
995 671 1215 744 canaliculis
1237 697 1327 771 pro·

311 788 460 874 diisset,
478 783 542 856 sed
561 807 685 878 neque
706 805 751 852 ex
766 781 955 880 glandulis
968 787 1049 859 aliis
1062 792 1271 886 proximis;
1290 805 1327 862 ut

309 907 387 1003 jam
397 915 541 1002 pateat,
560 925 604 973 ex
623 897 792 972 sontibus
810 903 933 1000 quiin
951 906 1154 977 mulierum
1171 908 1328 1006 glande,

310 1039 378 1096 aut
391 1021 575 1120 praeputio
589 1019 679 1108 sint,
697 1036 734 1092 et
746 1021 853 1118 quod
870 1027 1135 1122 consequitur,
1148 1031 1324 1098 virorum

313 1163 491 1240 quoque,
522 1162 599 1210 esse
628 1137 883 1210 derivandam.
923 1145 1106 1214 Ceterum
1138 1143 1327 1216 clitoridis

312 1284 438 1357 neque
455 1257 741 1356 corpusculum,
771 1278 896 1356 neque
925 1283 1051 1350 crura,
1077 1285 1206 1360 neque
1227 1263 1327 1335 ullus

314 1378 418 1451 exiis
432 1401 528 1476 quos
543 1377 729 1448 illisolent
741 1378 966 1468 attribuere,
978 1382 1160 1453 musculis
1177 1381 1325 1455 deerat:

314 1498 446 1597 plexus
463 1511 588 1569 autem
602 1489 803 1569 retiformis
820 1499 953 1596 exigua
966 1515 1044 1570 erat
1061 1497 1323 1573 crassitudine.

279 1669 283 1684 .
313 1617 393 1688 Etsi
416 1631 541 1687 autem
566 1614 739 1713 hymenis
759 1617 821 1686 vix
849 1641 968 1688 unum
998 1631 1114 1716 atque
1142 1619 1325 1706 alterum,

313 1733 430 1834 idque
459 1734 558 1822 leve,
589 1733 753 1806 restabat
779 1735 998 1840 vestigium
1024 1737 1168 1834 vaginae
1193 1751 1324 1808 tamen
1392 1827 1393 1830 Ἴ

315 1851 502 1926 orificium
523 1877 566 1924 ea
592 1867 671 1924 erat
694 1854 880 1950 angustia,
907 1867 950 1924 ut
979 1855 1103 1925 virum
1123 1879 1324 1954 uunquam
1392 1879 1393 1906 l

315 1972 506 2044 admisisse
516 1970 708 2043 videretur
720 1997 727 2041 :
741 1985 842 2043 certe
861 1971 1081 2045 crassiorem
1097 1973 1143 2046 de
1159 1989 1325 2073 quatuor
1392 2045 1393 2050 ,

314 2089 632 2162 minoribus-meae
649 2110 784 2162 manus
804 2090 929 2190 digitis
948 2117 1028 2163 non
1044 2095 1322 2167 transmisisset.

314 2209 624 2305 Vaginae'auteru,
644 2208 855 2294 sec'undum
874 2210 1152 2308 longitudinem
1169 2227 1323 2310 aperta,

315 2341 353 2400 et
365 2326 554 2424 explicatae
570 2327 729 2399 latitudo
744 2341 823 2400 erat
842 2329 903 2399 vix
921 2327 1035 2427 paulo
1056 2330 1220 2428 amplior
1236 2327 1325 2403 duo

314 2445 388 2518 bus
407 2444 531 2542 digitis
546 2447 788 2536 transversis,
821 2445 1022 2545 longitudo
1052 2463 1222 2546 quatuor
1249 2473 1323 2519 non

315 2563 495 2662 aequabat.
513 2564 633 2634 Nullae
652 2565 754 2635 intus
783 2564 1013 2654 caruncula,
1031 2564 1143 2636 nullae
1160 2591 1283 2664 rugae,
1299 2567 1324 2638 si

314 2681 559 2780 perbrevem,
578 2697 614 2752 et
625 2695 819 2780 angustam
836 2681 1027 2781 exciperes
1042 2707 1145 2781 poue
1164 2685 1322 2756 alterum

316 2803 456 2900 vaginae
476 2799 609 2871 orificii
625 2801 722 2872 latus
745 2802 853 2898 quasi
872 2803 1191 2900 corrugationem.
1224 2801 1323 2873 Uteri

316 2920 488 2993 osculum
504 2919 605 2997 nulla
618 2919 863 2991 extuberante
880 2941 1021 2991 corona
1041 2921 1234 3010 cinctum,
1253 2919 1324 2991 for-

316 3037 753 3135 maeratpropemodum
771 3034 922 3126 circuli,
941 3033 1006 3109 sed
1025 3039 1131 3136 parvi
1150 3039 1270 3128 adeo,
1288 3048 1324 3110 ut

315 3159 506 3230 mediocre.
520 3157 662 3254 specilli
676 3145 882 3254 capitulum'
892 3179 971 3226 non
990 3155 1219 3228 admitteret.
1236 3155 1322 3228 Inde

316 3279 363 3349 ad
394 3297 608 3374 supremam
645 3295 766 3371 usque
802 3275 1056 3372 extimumque
1088 3271 1199 3346 fundi
1230 3275 1321 3346 uteri

315 3411 460 3493 partem
480 3391 746 3479 haudtantum
764 3405 843 3462 erat
869 3393 1074 3480 intervalli,
1094 3405 1137 3462 ut
1162 3405 1323 3491 aequaret

315 3491 515 3588 malimam
531 3513 608 3580 mei
632 3509 738 3605 digiti
757 3503 903 3607 pollici's
917 3509 1168 3582 latitudinem.
1194 3515 1321 3609 Neque

291 3630 479 3701 'indicata
502 3627 740 3725 longitudine
767 3641 846 3698 erat
867 3628 978 3698 latior
1003 3652 1171 3718 summa,
1206 3629 1248 3700 id
1274 3643 1322 3699 est

256 3733 260 3742 ’
316 3749 493 3820 latissima
510 3747 609 3818 uteri
632 3769 743 3843 pars,
766 3769 853 3816 nam
883 3745 1073 3843 reliquum
1093 3771 1143 3816 ne
1160 3745 1322 3817 latitudi-

200 3855 202 3860 ’
317 3892 404 3938 nem
423 3863 576 3962 quidem
605 3862 777 3958 aequabat
796 3865 912 3961 apicis
938 3863 1045 3961 digiti
1073 3865 1249 3952 minimi,
1268 3861 1320 3932 vel
1390 3845 1391 3906 Ϊ

317 3999 519 4082 antequam
535 3979 792 4072 incideretur,
812 3993 987 4080 spectata.
1008 3967 1245 4074 Incidendo,
1261 4005 1319 4081 pa·
