2790 4668
174 439 242 486 tta.
270 442 326 487 111.
354 441 400 488 nn
426 440 561 487 uonms
581 437 751 505 vaurms,
776 438 886 488 nrtsr.
914 439 994 488 ην.
1025 418 1091 490 dot

88 545 165 622 bus
181 551 342 649 ponderi
362 553 540 650 imputari
556 552 736 624 deorsum
756 555 921 650 urgenti,
938 571 1002 626 aut
1021 571 1097 626 tra»

92 666 224 756 henti,
239 670 289 740 ita
297 669 563 742 inmulierihus
575 694 834 766 saepenumero
848 695 976 771 posse,
990 695 1098 761 reor,

90 785 198 858 velut
213 788 259 858 in.
271 787 404 858 hac'de
425 811 501 883 qua
522 788 695 884 protinus
713 786 884 858 scribam.

149 905 207 974 11.¹
225 907 328 974 Anus
338 904 585 974 Bononiensis
598 903 860 1001 hemiplectica
876 905 1004 1003 plures
1020 907 1096 1002 jam

88 1037 217 1092 'annos
236 1019 417 1093 hactenus
443 1019 578 1107 fuerat,
605 1035 648 1091 ut
673 1036 797 1092 totum
822 1023 982 1094 alterum
1016 1029 1122 1094 'eor-'

92 1139 202 1234 poris
216 1137 313 1210 latus
330 1163 484 1210 movere
503 1163 582 1208 non
604 1152 748 1234 possen,
768 1163 853 1210 cum
879 1139 1043 1239 denique
1060 1143 1100 1215 in

92 1254 381 1352 atterojquoque
396 1253 574 1326 movendi
593 1253 805 1326 iacultntem
821 1258 952 1329 amisit.
968 1259 1099 1331 Eidem

92 1397 142 1443 ex
155 1371 504 1444 naturalibus-teres
519 1371 711 1470 quoddam
725 1397 863 1472 corpus
882 1389 1024 1448 exstare
1044 1376 1101 1448 di-

94 1488 268 1564 cebatur.·
281 1491 489 1564 Novissime
501 1489 667 1561 thoracis
683 1489 819 1561 morbo
834 1487 1043 1564 confectam
1061 1495 1101 1565 in

95 1606 579 1686 nosocomiodissecuimus
599 1607 696 1678 circa
716 1633 857 1677 annum
878 1614 979 1704 1704.
999 1609 1102 1680 Tho-

93 1741 238 1811 ra'cem,
251 1723 340 1796 aliis
366 1725 538 1822 occupati
559 1723 864 1812 dissentionibus,
886 1749 964 1795 non
983 1728 1102 1825 attigi-

95 1865 193 1918 mus.
222 1845 346 1938 Caput
362 1866 470 1928 vero,
490 1841 536 1912 ab
554 1843 682 1913 amicis
703 1857 900 1938 apertum,
925 1842 1020 1913 nihil
1037 1844 1101 1916 ad·

95 1959 294 2044 notatione
310 1959 466 2056 dignum
475 1958 625 2044 habuit,
635 1973 772 2057 praeter
786 1983 910 2034 ser-um
921 2015 930 2048 ,
942 1983 1101 2033 crassam

94 2079 199 2151 inser
213 2077 428 2174 meningem
447 2091 483 2146 et
495 2090 660 2149 tenuem.
674 2077 985 2176 Ipsetyroidaeam
998 2079 1102 2176 glan·

97 2192 243 2280 dulam,
262 2195 403 2292 quippe
416 2207 644 2282 tumentem,
661 2210 699 2266 et
710 2195 939 2293 praeduram,
957 2212 993 2267 et
1009 2223 1103 2268 ven-

96 2327 219 2398 trem,
240 2311 343 2408 quod
358 2311 406 2382 ad
425 2326 595 2400 uterum,
613 2327 649 2382 et
668 2311 814 2410 reliqua
832 2315 1006 2411 genitalia
1019 2317 1103 2386 atti-

97 2427 233 2515 nebat,
248 2427 447 2527 diligenter
470 2430 627 2525 inspexi.
652 2433 696 2498 In
722 2429 784 2500 illa
807 2429 984 2526 glandula
1011 2433 1104 2529 quid

97 2545 439 2642 deprehenderim,
457 2547 548 2630 satis
560 2561 615 2617 est
639 2545 727 2616 alibi
745 2545 799 2642 (1)
823 2561 1024 2620 ostensum.
1059 2554 1104 2619 In

97 2679 232 2746 ventre
245 2679 370 2736 autem
388 2687 577 2736 summum
598 2664 697 2734 uteri
726 2660 886 2736 fundum
911 2655 1104 2762 aliquanto

98 2779 319 2854 inferiorem
337 2805 450 2878 quam
464 2793 666 2878 par'esset,
692 2779 864 2852 obtinere
882 2781 1008 2853 sedem
1029 2785 1104 2854 ani-

98 2899 305 2986 madverti,
325 2924 396 2972 nec
413 2914 679 2994 tamentanto,
710 2914 752 2970 ut
769 2923 879 2997 posse
899 2900 978 2995 ejus
997 2925 1105 2972 oscu-

96 3019 180 3102 lum
201 3018 292 3089 illuc
311 3043 388 3115 quo
409 3017 549 3106 dicam,
567 3018 762 3115 pervenire
790 3018 1009 3115 suspicarer.
1032 3023 1104 3090 Ex-

99 3134 161 3208 tra
182 3135 368 3208 'naturalis
393 3136 552 3209 multum
582 3135 725 3207 dilatati
753 3135 850 3206 labia
876 3159 1017 3234 corpus
1031 3152 1106 3208 tres

100 3267 313 3352 quatuorve
337 3268 569 3325 transversos
589 3253 725 3351 digitos
742 3253 899 3351 longum
918 3254 1107 3350 promine-

99 3367 174 3444 bat
192 3371 353 3468 cylindri
372 3369 512 3458 lorma,
533 3369 639 3441 valde
676 3395 862 3457 crassum,
898 3367 1038 3442 factum
1065 3397 1110 3443 ex
1187 3390 1188 3394 ’

103 3487 313 3562 substantia
348 3488 539 3586 ligamenti
576 3486 705 3576 simili,
746 3501 782 3558 et
819 3487 1004 3598 laevigata,
1038 3490 1110 3562 nisi
1210 3573 1221 3598 ·

103 3631 182 3704 qua
211 3607 258 3678 ad
286 3607 402 3676 imum
420 3604 715 3710 exuleerabatur.
748 3609 837 3676 Esse
858 3606 1031 3706 vaginam
1051 3607 1109 3677 in·
1163 3643 1165 3648 ·

147 3977 192 4056 (ι)
213 3978 306 4054 Epist.
323 3990 402 4036 anat.
416 3997 454 4054 9,
466 3998 497 4035 n.
512 3977 560 4054 39.
