2740 4670
271 409 342 500 348
433 435 479 482 mr
505 433 651 484 snnrnos
676 435 720 480 rr
745 431 869 478 exos1s
894 431 1104 478 xonrmmxr

271 563 415 620 tionem
440 550 678 631 attinentem,
703 545 950 652 probqbiliter
975 547 1173 642 explicare.
1194 551 1269 616 Haeo

273 691 355 762 quae
369 664 455 736 dico
471 666 597 734 omnia
609 665 789 760 exemplis
804 662 1203 758 declarameuorum
1216 687 1271 732 an-

270 783 525 878 tiquissimum
557 805 602 852 ex
628 785 837 877 Praxagora
856 796 912 852 est
933 779 1142 852 referente:
1159 785 1272 852 visum

271 902 343 994 sibi
359 897 557 996 quemdam
576 905 643 995 qui
657 925 729 996 per
744 899 869 968 sedem
882 903 1031 968 urz‘oam
1045 903 1272 986 excrevisset,

184 1079 189 1086 .
272 1021 604 1115 supervixissetqoe
635 1021 746 1086 anno
777 1015 1010 1087 duodecim:
1039 1039 1148 1131 opne·
1167 1020 1274 1084 etiam

264 1135 440 1232 pluribus
449 1137 473 1226 '(
479 1133 585 1231 quod
594 1149 682 1204 tone
692 1139 865 1230 temporis
877 1132 1203 1230 ipsediscessisset,
1214 1154 1274 1200 nec

278 1251 326 1321 de
351 1276 395 1321 eo
420 1257 620 1347 quicq-nom
639 1229 816 1322 audiisset
827 1249 989 1347 postea)
1006 1257 1191 1346 ignorare.
1211 1253 1274 1318 Lo·

278 1353 483 1438 cumbunt:
504 1394 547 1438 xx
564 1365 663 1440 Ruffi
684 1367 835 1465 Ephesii
853 1367 981 1438 libello
999 1367 1048 1437 de
1070 1373 1207 1438 veriore
1227 1389 1275 1458 ref

276 1509 438 1582 numque
455 1485 654 1576 affectibus
671 1483 723 1580 (ι)
736 1487 786 1556 ita
799 1485 1002 1582 descripsi,
1025 1499 1064 1555 ut
1078 1485 1118 1553 in
1132 1481 1275 1554 Henrici

258 1599 456 1699 'Stephani
483 1601 648 1673 editione
678 1599 815 1698 legitur
843 1600 997 1672 medioae
1022 1601 1112 1672 artis
1143 1598 1276 1697 princi-

277 1743 367 1816 pum
377 1773 387 1806 ,
398 1744 511 1816 quem
521 1719 691 1790 libellum
706 1718 818 1790 latine
829 1719 1019 1790 redditum
1035 1733 1194 1804 exstare,
1208 1741 1275 1788 non

277 1836 453 1908 videntur
470 1836 677 1908 Lindenius
693 1851 728 1907 et
741 1835 974 1908 Mercklinus
988 1837 1042 1934 (α)
1053 1835 1275 1906 animadver-

276 1953 373 2025 tisse.
401 1959 485 2023 Haec
511 1955 605 2026 scire
633 1970 669 2024 te
692 1955 814 2040 volui,
832 1980 880 2024 ne
905 1951 1001 2024 forte
1019 1939 1191 2040 mireris,
1218 1931 1275 2022 ciii·

277 2095 376 2158 non,
392 2087 433 2142 ut
453 2070 683 2143 Schenckius
694 2072 748 2168 (3)
762 2087 798 2144 et
813 2073 880 2172 qui
898 2074 1022 2169 ipsum
1039 2070 1274 2154 describunt,

278 2191 523 2285 Praxagoram
537 2187 693 2259 dixerim
707 2189 908 2286 quemdam
917 2189 1080 2276 ‘vidisse,
1099 2194 1166 2290 oui
1177 2192 1275 2260 urina

273 2330 347 2404 per
371 2305 494 2376 sedem
521 2308 793 2394 excernebator,
819 2332 891 2406 per
914 2306 1114 2376 duodecim
1154 2325 1273 2376 annos.

278 2405 391 2512 Quod
417 2438 541 2496 tamen
564 2426 593 2496 si
616 2424 752 2496 diserte
770 2426 820 2496 ita
837 2424 1007 2510 dixisset,
1028 2438 1070 2494 ut
1087 2423 1184 2494 dixit
1200 2421 1273 2518 qui·

280 2539 366 2610 dem
385 2543 648 2638 supervixisse,
669 2543 796 2612 mirari
811 2566 890 2612 non
910 2525 1126 2639 oporteret,
1149 2563 1233 2610 cum
1243 2537 1275 2604 in

216 2719 217 2722 ,
279 2657 351 2730 hac
371 2660 450 2758 ipsa
464 2663 599 2730 XXVII
617 2660 781 2732 sectione
800 2657 857 2756 (4)
874 2651 1069 2732 historiam
1083 2657 1276 2728 habeamus

279 2777 350 2847 viri
375 2777 483 2874 quia
506 2779 664 2874 pueritia
693 2776 740 2848 ad
766 2777 1118 2875 qutdragesimum,
1139 2777 1215 2844 imo
1237 2769 1275 2842 ad

281 2896 638 2992 quinquagesimum
668 2918 789 2991 usque
814 2919 957 2965 annum
980 2917 1126 2990 semper
1155 2891 1275 2962 lotium

280 3037 349 3110 per
365 3012 493 3084 sedem
512 3011 739 3099 reddiderit3
758 3011 981 3084 lithotomos
1000 3013 1102 3082 enim
1125 3035 1145 3080 e
1169 3029 1275 3107 puero

283 3129 468 3216 calculum
494 3153 689 3216 exsecans,
711 3131 764 3201 sic
783 3133 944 3202 vesicam
962 3145 998 3200 et
1014 3145 1159 3200 rectum
1176 3129 1275 3195 intes·

281 3248 402 3319 tinum
427 3249 589 3354 laeserat,
607 3262 648 3318 ut
667 3263 810 3320 meatus
827 3247 879 3332 ab,
893 3248 957 3318 illa
977 3248 1017 3317 in
1037 3245 1112 3316 hoc
1132 3246 1274 3316 descen-

282 3417 1263 3481 ,ὠὴ-...ΜΨ

340 3611 352 3646 1
390 3592 424 3647 C.
447 3591 475 3648 8-

323 3589 369 3767 i²i
389 3689 516 3746 Linden.
530 3710 633 3748 renov.
647 3688 717 3746 vid.
731 3683 847 3762 Russus.

323 3787 366 3870 (3)
388 3791 494 3847 Obser.
521 3792 599 3848 med.
616 3793 636 3848 l.
662 3790 695 3864 3,
722 3789 775 3850 uhi
800 3790 837 3846 de
856 3787 943 3848 urina
958 3787 1047 3844 elien.
1077 3787 1132 3842 loc.
1157 3789 1270 3845 excreta,

277 3887 349 3946 obs.
374 3893 420 3947 13.

249 4053 251 4059 ,
322 3987 367 4070 (t)
389 3991 461 4051 Obs.
483 4010 507 4046 ι.
