2814 4674
145 433 208 483 ΗΒ.
229 436 283 482 ΠΙ.
312 436 359 482 DE
385 433 520 482 Mortuis
537 433 708 498 vaurms,
734 435 844 482 Ertsr.
872 437 994 482 XXXIX.
1048 439 1093 512 29

100 550 253 648 vulgatis
272 547 421 650 casibus
436 544 529 616 mihi
552 543 763 620 faciendum
783 547 1006 636 existimavi,
1028 551 1096 647 qui

102 665 296 738 interillos
316 678 427 734 erunt
447 687 542 758 quos
559 664 636 758 jam
656 663 725 734 tibi
751 688 796 736 eo
823 665 956 738 ordine
978 666 1096 763 subji-

102 785 211 871 ciam,
232 795 275 852 ut
283 782 328 852 iis
339 781 406 876 qui
416 779 460 850 e'x
471 780 639 852 Valsalva
650 781 834 878 propositi
846 798 953 870 sunt,
970 783 1001 854 si
1019 807 1096 854 non

103 916 291 970 tumorum
311 911 445 967 natura
460 910 497 968 et
514 897 622 985 sede,
641 913 679 968 at
699 899 853 995 regione
870 899 998 972 saltem
1021 925 1097 970 me·

104 1015 179 1104 dia,
198 1030 264 1086 aut
281 1017 355 1086 ima
368 998 482 1110 quam
492 1015 531 1084 in
544 1029 674 1086 ventre
683 1014 918 1112 occupabant
930 1033 1098 1090 tumores

105 1134 191 1232 ipsi,
219 1131 500 1230 respondeant:
533 1111 746 1228 quanquam
772 1134 803 1204 is
822 1133 924 1204 unde
950 1136 1097 1206 initium

105 1275 260 1342 sumam,
273 1250 387 1350 paulo
397 1249 568 1322 altiorem
584 1275 629 1320 ex
640 1265 745 1348 parte
756 1248 949 1324 obtinebat.
959 1252 1098 1338 locum,

106 1394 220 1466 neque
236 1366 284 1440 ab
295 1391 374 1438 uno
384 1365 443 1464 (1)
453 1390 586 1439 eorum
602 1367 669 1462 qui
684 1391 798 1464 supra
809 1367 987 1466 descripti
999 1385 1099 1458 suut,

107 1501 230 1556 natura
248 1467 505 1582 discrepabat,
533 1485 563 1554 si
584 1484 700 1556 modo
721 1509 943 1582 aneurysma
959 1488 998 1557 iu
1013 1487 1100 1576 illo,

107 1617 139 1673 et
155 1603 190 1672 in
207 1602 283 1673 hoc
302 1615 432 1672 nostro
446 1600 726 1698 agnoscendum
744 1617 859 1690 essct,
879 1603 1099 1700 inquorum

18 1759 19 1766 κ
106 1720 215 1790 altero
230 1719 283 1790 ob
294 1718 457 1791 historiae
468 1719 662 1815 signorum
675 1716 913 1808 brevitatem,
930 1721 970 1790 in
982 1721 1099 1794 altero

107 1836 151 1908 ob
168 1837 311 1908 nullam
329 1850 567 1908 consecutam
587 1835 791 1910 sectionem
814 1860 895 1909 rem
913 1861 982 1935 pro
1000 1853 1100 1912 certa

108 1951 286 2024 affirmare
304 1953 493 2024 nonlicet.

155 2093 206 2163 18.
233 2097 399 2163 Honesta
415 2105 451 2161 et
470 2091 531 2187 pia
550 2090 675 2187 virgo,
697 2115 817 2162 annos
835 2107 920 2164 nata
938 2107 1102 2190 quatuor

108 2227 143 2282 et
169 2208 440 2308 quadraginta,
470 2209 531 2298 cui
561 2211 709 2306 sanguis
735 2208 915 2280 hactenus
948 2211 1102 2309 singulis

107 2327 296 2400 mensibus
309 2325 473 2398 ubertim
486 2349 554 2422 per
569 2342 716 2396 uterum
732 2326 999 2424 responderat,
1016 2353 1102 2400 cum

106 2444 217 2518 fluere
234 2469 315 2516 uuo
338 2444 415 2539 jam
445 2458 558 2539 atque
575 2443 693 2541 altero
717 2467 846 2515 mense
870 2447 1027 2516 omnino
1045 2448 1103 2516 in-

104 2563 340 2649 termisisset,
359 2563 469 2658 queri
489 2562 602 2660 coepit
617 2560 664 2632 de
680 2561 944 2659 palpebrarum
964 2577 1001 2635 et'
1017 2589 1104 2636 ocu·

104 2681 225 2752 lorum
242 2679 417 2777 pruritu,
437 2678 535 2751 etde
555 2677 733 2752 brevibus
758 2678 933 2776 quidem,
954 2681 1019 2753 sed
1045 2707 1104 2753 re·

105 2787 344 2870 currientibus
362 2795 507 2884 cordis,
528 2810 571 2866 ut
591 2799 670 2894 ipsa
687 2796 840 2892 quidem
861 2797 1002 2884 aiebat,
1025 2799 1103 2896 pal·

105 2913 362 3013 pitationibus.
381 2917 474 2984 Cum
492 2911 548 2983 hae
562 2927 716 3009 repente
734 2917 922 3010 graviores
934 2912 1038 2987 factae
1054 2941 1107 2989 es-

106 3048 184 3106 sent
197 3048 234 3105 et
251 3029 421 3119 assiduae,
438 3030 674 3102 advocamur.
693 3035 787 3102 Tum
806 3055 901 3130 aegra
914 3048 957 3104 ut
975 3039 1103 3106 earum

107 3151 213 3222 uobis
226 3149 353 3221 sedem
369 3148 527 3235 indicet,
549 3172 630 3234 non
642 3164 774 3246 pectus
782 3149 873 3238 sibi,
887 3150 950 3222 sed
960 3153 1103 3251 epigas-

107 3268 349 3364 triumtaogit.
369 3270 522 3356 Manum
540 3265 629 3336 huic
646 3267 894 3364 imponimus,
910 3284 947 3342 et
964 3269 1103 3341 durum

3 3399 4 3404 ’
109 3384 349 3494 φιοάἀειωιαε
360 3381 501 3481 grande
518 3391 658 3481 corpus
671 3407 807 3480 magno
815 3386 958 3482 impetu
969 3386 1106 3459 vibrari

111 3519 143 3576 et
160 3523 315 3574 manum
329 3499 445 3572 -ferire
470 3501 709 3599 percipimus.
738 3504 931 3598 Ingentem
954 3503 1105 3579 dixisses
1206 3583 1210 3600 ,

110 3619 378 3716 aneurysmatis
395 3615 546 3690 subesse
566 3634 771 3705 tumorem,
792 3618 999 3692 identidem
1020 3620 1106 3718 pul·
1200 3601 1206 3622 s

113 3737 267 3810 sationes
283 3735 602 3834 ingeminantem,
619 3751 868 3834 ,occupantem
886 3753 1009 3810 autem
1027 3749 1105 3810 no'n

145 3998 294 4084 (1)N.9.
388 4061 424 4101 s
488 3983 490 3990 ’

1148 2515 1155 2570 Ι
