2746 4674
171 499 242 558 nm
268 511 324 588 m.
354 511 399 557 nn
426 509 561 559 monus
585 496 754 575 veternis,
779 513 891 560 musr.
913 513 969 559 xc.
1003 485 1070 562 165

84 634 166 710 tem,
189 648 275 694 nam
304 622 504 721 diligenter
522 625 694 720 quaesivi,
712 649 836 722 neque
856 624 903 698 de
921 625 1075 716 dolore,

85 763 197 836 neque
214 741 260 812 de
279 740 460 839 ponderis
477 765 606 831 sensu,
619 766 745 838 neque
764 741 811 814 de
828 741 994 840 spirandi
1010 737 1080 814 dil·-

85 851 251 928 licultate.
267 858 385 930 Paulo
401 872 487 956 post
505 857 705 956 prandium
725 874 880 957 repente
900 873 956 931 est
974 883 1080 930 mon

85 985 161 1044 tuus
178 975 279 1046 circa
298 974 465 1046 medium
485 973 725 1048 decembrem
741 977 830 1046 anni
849 975 950 1048 1618.
973 979 1077 1048 Ven-

84 1101 130 1159 tre
142 1105 289 1190 aperto,
306 1107 343 1164 et
356 1091 521 1163 urinaria
536 1093 657 1166 vesica
673 1115 758 1164 cum
772 1118 868 1191 pene
885 1093 1050 1166 detracta
1057 1121 1076 1184 ,ς

83 1219 171 1279 totus
190 1209 292 1280 enim
312 1233 413 1281 eram
431 1233 477 1280 eo
495 1222 667 1307 tempore
686 1209 726 1278 in
746 1208 971 1307 quibusdam
991 1235 1078 1308 quae

83 1321 120 1392 ad
138 1349 196 1396 eas
213 1340 338 1422 partes
353 1327 536 1415 attinent,
556 1324 820 1416 observandis3
835 1325 989 1430 urethra
1002 1326 1075 1400 luis

84 1437 171 1514 illius
189 1445 352 1540 antiquae
367 1443 586 1542 opinionem
603 1439 848 1514 confirmavit.
873 1447 959 1515 Erat
974 1449 1076 1516 enim

83 1559 206 1654 passim
226 1561 466 1647 cicatricosa,
493 1575 530 1632 et
550 1560 737 1632 seminalis
764 1561 843 1658 ipsa
872 1561 1095 1634 caruncula

83 1698 150 1745 non
160 1675 367 1748 secundum
380 1677 588 1748 naturalem
604 1674 941 1748 conformationem
953 1701 991 1748 se
1005 1675 1079 1748 ha÷

82 1789 202 1882 bebat‚
218 1809 261 1864 ut
273 1811 396 1891 neque
413 1793 627 1892 perminuta
639 1792 717 1865 duo
730 1787 856 1864 oscula
871 1791 1009 1890 quibus
1022 1792 1073 1864 ad

83 1905 182 1982 latera
202 1903 459 2008 pertunditur,
476 1935 600 2009 neque
613 1909 671 1981 his
683 1909 869 2006 interjecti
885 1909 988 1981 sinus
1001 1910 1074 1980 ori·

22 2099 28 2116 ‚
82 2020 196 2097 ficium
211 2025 317 2101 facile
338 2043 432 2100 esset
452 2027 719 2100 demonstrare.
742 2031 824 2098 Huc
843 2025 1074 2098 accedebant

82 2138 192 2234 librae,
207 2148 306 2218 inter
320 2169 359 2218 se
371 2144 575 2234 distincta,
587 2159 699 2242 atque
714 2158 916 2232 exstantes,
928 2167 973 2215 ex
987 2145 1074 2241 qui·
1095 2223 1098 2234 ¹

81 2258 141 2332 bus
165 2262 280 2334 instar
310 2263 416 2361 parvi
441 2261 619 2361 trianguli
646 2259 936 2348 conficiebatur,
963 2261 1072 2357 cujus

81 2373 167 2450 basis
180 2394 258 2451 erat
271 2379 400 2451 vesica
417 2381 607 2477 proxima,
621 2394 749 2450 vertex
761 2377 1004 2450 carunculam
1017 2391 1075 2470 atq

82 2497 242 2595 tingebat.
252 2497 395 2568 Amotis
403 2495 916 2592 deindevisccribus,ingens
925 2519 1070 2593 magnae

82 2615 207 2686 arteriae
220 2614 492 2713 aneurysmain
508 2627 751 2713 conspectum
764 2614 887 2702 venit,
904 2635 1073 2686 crescen-

79 2739 142 2800 tem
160 2731 289 2804 lunam
306 2745 595 2830 repraesentanS,
611 2730 719 2827 cujus
734 2744 813 2802 erat
827 2729 981 2802 dorsum
998 2729 1069 2802 sub
1112 2793 1115 2804 .

81 2868 211 2923 anneto
238 2848 520 2947 diaphragmate
544 2849 583 2917 in
607 2863 861 2918 transversum
882 2845 1073 2935 locatum,

82 2959 206 3054 cornua
216 2981 342 3038 autem
358 2964 534 3036 deorsum
546 2961 782 3062 spectabant,
795 2987 909 3061 seque
922 2961 1070 3058 singula

82 3103 165 3176 pone
185 3081 353 3180 singulos
379 3080 593 3154 condebant
620 3066 812 3154 musculos
836 3103 933 3177 quos
958 3101 1073 3176 psoasv

80 3216 219 3290 vocant,
240 3201 432 3274 sinistrum
455 3198 609 3296 quidem
640 3223 684 3270 eo
711 3222 830 3294 usque
855 3211 897 3267 ut
920 3195 968 3268 ad
990 3209 1067 3268 ter-

80 3313 152 3387 tiam
168 3317 330 3390 musculi
348 3330 492 3416 partem
510 3313 677 3386 infimam
691 3314 925 3412 perveniret,
944 3313 1072 3386 dexte·

79 3453 147 3503 mm
164 3435 288 3506 autem
308 3459 388 3507 non
401 3433 495 3506 adeo
509 3431 664 3505 inferius
677 3430 930 3506 descenderet.
947 3431 1074 3532 Hujus-

79 3569 213 3648 quoque
230 3551 501 3647 aneurysmatis
512 3550 701 3648 posterior
716 3548 837 3645 paries
850 3547 927 3644 jam
938 3548 1071 3621 nullus·

79 3682 161 3756 erat,
179 3669 306 3766 itaque
326 3667 493 3738 detracto
520 3666 700 3766 sanguine
720 3689 798 3762 quo
821 3663 1067 3763 replebatur,
1106 3761 1110 3768 ¹

78 3786 219 3856 maxima
234 3797 400 3883 exparte
419 3785 458 3856 in
481 3783 681 3883 polyposas
702 3781 858 3855 laminas
877 3783 965 3854 alias
982 3783 1063 3854 aliis

79 3897 255 3998 impositas
272 3899 529 3990 conformate,
556 3901 679 3972 statim
699 3914 956 3998 apparuerunt
977 3922 1062 3970 cor-

79 4035 158 4108 pora
175 4018 351 4110 duarum,
365 4033 429 4094 aut
445 4019 558 4091 trium
575 4013 854 4107 vertebrarum,
872 4013 921 4086 ad
941 4017 1063 4106 imum¹
