2810 4668
304 403 373 477 536
467 427 512 474 un
539 427 685 476 sturnus
710 427 754 474 nr
780 427 902 481 crusis
928 429 1136 480 nonnosus

302 541 459 616 monum
480 541 704 629 substantia,
732 526 1030 642 eorumdemque
1047 562 1085 619 et
1101 547 1226 620 cordis
1237 571 1303 644 per
1377 617 1378 630 ,

308 677 496 732 costarum
533 659 811 756 depressionem
845 663 1066 750 coarctatio,
1106 663 1209 752 haec,
1248 665 1303 734 in·

303 803 437 877 quam,
456 781 628 850 universa
648 778 822 873 praeclare
844 777 965 866 vides,
988 795 1031 852 ut
1054 781 1239 853 exitialem
1257 779 1304 850 fn-

305 923 389 969 cere
406 894 598 995 potuerint
619 917 705 963 cum
727 895 1003 992 respirationis,
1028 911 1107 968 tum
1133 899 1304 968 circumi-

302 1015 416 1086 tionis
434 1013 973 1132 sanguinisp'nterceptionem,
997 1013 1062 1084 uhi
1089 1015 1202 1086 solito
1226 1017 1305 1086 vio·
1379 1051 1380 1084 l

303 1133 442 1202 lentior
458 1153 660 1200 nervorum
678 1129 810 1201 iisdem
829 1129 1303 1228 partibusinservientium,

304 1247 500 1322 convulsio
513 1247 675 1320 accessit.

357 1393 413 1462 27·
441 1369 564 1451 Hanc,
598 1379 640 1436 ut
667 1361 826 1436 leviores
853 1361 943 1435 alias
973 1363 1113 1460 quibus
1145 1365 1305 1437 obnoxia
1380 1366 1381 1406 l

306 1485 443 1556 mulier
457 1480 595 1567 luerat,
613 1480 660 1551 ab
677 1495 786 1552 utero
812 1497 849 1552 et
875 1479 1031 1553 testibus
1048 1484 1237 1580 originem
1248 1483 1307 1552 ha-

216 1659 219 1668 .
305 1601 450 1690 buisse,
478 1623 519 1672 ea
550 1625 632 1696 quae
662 1597 795 1669 inillo
830 1614 867 1670 et
891 1598 949 1669 his
982 1615 1118 1698 praeter
1136 1617 1307 1673 naturam
1381 1684 1382 1694 χ

308 1719 588 1818 conspeximus,
607 1733 643 1787 et
659 1717 844 1813 incipiens
862 1715 967 1787 illinc
986 1719 1092 1812 quasi
1105 1717 1306 1789 ascenden·
1381 1751 1382 1760 ¹

307 1839 354 1908 tis
379 1836 477 1906 uteri
501 1857 649 1920 sensus,
669 1830 846 1904 videntur
874 1830 1094 1930 significare.
1124 1837 1222 1904 Nam
1245 1837 1307 1906 etsi

307 1949 478 2039 uterum,
508 1951 547 2022 id
577 1950 681 2048 quod
706 1947 787 2020 fieri
813 1975 891 2022 nou
917 1964 1059 2047 potest,
1088 1977 1108 2023 e
1136 1974 1205 2024 sua
1227 1951 1306 2024 sede

307 2093 455 2144 sursum
483 2091 725 2167 progressum
756 2089 834 2137 non
861 2065 1106 2156 offendimus3
1135 2071 1306 2140 intestina

306 2203 432 2270 tamen
448 2211 531 2282 quae
546 2185 696 2255 mentiri
708 2182 747 2254 id
760 2199 927 2282 possent,
939 2209 1018 2256 non
1032 2183 1152 2256 modo
1161 2184 1306 2258 flatibus

309 2305 470 2377 distenta
496 2301 673 2382 vidimus,
700 2299 809 2372 seda
838 2304 1026 2373 consuetis
1049 2302 1191 2376 sitibus
1203 2305 1305 2376 etiam

310 2423 461 2494 dimota.
482 2417 538 2491 Ad
556 2443 638 2516 quae
658 2419 854 2490 convulsio
869 2443 938 2516 per
954 2445 1091 2492 nervos
1105 2417 1218 2493 facile
1232 2445 1308 2518 pro

309 2565 442 2639 repere
463 2554 709 2610 consueverat
728 2535 813 2626 culn
839 2534 884 2608 iis
904 2540 1231 2610 communicantes
1250 2540 1314 2637 qui·

310 2657 412 2730 tubis
428 2671 464 2727 et
478 2654 636 2727 testibus
651 2653 926 2726 subservientes
938 2655 978 2724 in
991 2655 1070 2727 aliis
1083 2657 1308 2754 vespertilio-

310 2801 401 2846 num
430 2773 629 2845 crassiores
652 2797 673 2842 a
698 2771 809 2843 nobis
831 2773 1023 2870 conspecti
1049 2789 1153 2861 sunt,
1172 2776 1309 2872 quippe

312 2894 442 2989 saepius
460 2905 544 2960 orto
561 2913 582 2959 a
597 2887 754 2960 testibus
766 2889 1000 2960 irritamento
1012 2892 1142 2961 vexati.
1162 2893 1232 2963 Hic
1245 2890 1309 2962 for·

261 3091 263 3099 ,
310 3025 407 3082 tasse
425 3008 526 3079 dices
540 3022 595 3077 :at
609 3029 703 3104 saepe
716 3008 755 3076 in
768 3005 865 3096 aliis,
886 3011 983 3079 uteri
996 3023 1032 3078 et
1044 3007 1198 3078 testium
1209 3035 1308 3080 noxae

242 3117 244 3121 ⁸
308 3128 556 3198 inveniuntur
587 3125 707 3194 multo
725 3125 912 3220 majores,
939 3149 1022 3222 quae
1039 3136 1169 3196 tamen
1192 3128 1307 3198 istius-

209 3327 214 3334 ,
311 3243 415 3316 modi
435 3239 609 3340 gravibus
629 3237 890 3312 affectionibus
906 3265 986 3312 non
1000 3239 1149 3314 fuerant
1162 3242 1307 3314 conflic-

309 3377 410 3448 tatae3
427 3364 540 3446 'vero'3
558 3357 622 3430 sed
642 3381 720 3426 non
736 3354 911 3428 omuibus
925 3381 1030 3456 aeque
1045 3359 1142 3431 acris
1159 3361 1306 3432 materia

309 3481 406 3549 inest
425 3501 506 3573 quse
526 3476 663 3558 irritet,
681 3499 806 3571 neque
825 3474 1002 3546 omnibus
1018 3499 1123 3572 aeque
1142 3477 1250 3548 n'ervi
1263 3474 1305 3546 ad

310 3590 792 3700 irritamenta-suscipienda
807 3593 935 3688 proni,
949 3607 991 3662 ut
1008 3589 1153 3662 feminae
1169 3593 1305 3678 huic,a

310 3713 383 3784 levi
403 3733 642 3807 quacumque
672 3711 818 3779 timoris
838 3733 949 3782 causa
972 3713 1166 3797 trementi,
1187 3734 1305 3808 neque

310 3831 463 3904 demum
475 3825 671 3911 omnibus,
686 3841 728 3895 ut
739 3825 842 3914 huic,
856 3851 897 3896 en
908 3829 1096 3898 viscerum.
1106 3830 1305 3925 praecipuo·

311 3971 395 4018 rum
414 3929 518 4032 vitia,
537 3959 597 4030 ut,
618 3943 646 4014 si
667 3943 927 4014 veliementior
948 3957 1078 4042 urgeat
1096 3945 1304 4030 convulsio,
