2746 4674
764 275 810 306 ΞΓ,

764 318 795 352 ιβ’

753 365 799 382 ἸΙΜ

158 465 230 514 ua.
256 464 310 512 nr.
338 466 385 514 nn
410 465 545 514 tronus
570 437 877 554 vrnrnrqaiunsr.
905 469 961 517 ιι.
995 448 1057 520 161

66 593 233 650 nontam
255 579 342 676 quia
359 579 475 651 multa
498 604 566 678 per
583 579 706 652 alvum
719 565 931 671 educebat,
952 610 1064 682 quam

66 695 148 790 quia
157 695 331 768 dolorem
345 696 589 768 exacerbabat
603 697 648 768 ad
664 698 831 770 ultimam
847 701 1065 782 lumborum

64 811 290 902 vertebram,
304 829 341 886 et
355 815 563 912 proximam
574 816 669 885 sacri
678 817 771 890 ossis
778 816 908 889 basim.
925 821 980 889 De
991 817 1065 890 boc

58 930 161 1000 enim
182 955 281 1030 aeger
297 931 446 1020 dolore,
460 955 498 1004 se
512 921 755 1020 delassanteJl
781 933 958 1005 lurimum
979 959 1068 1034 que·

67 1043 236 1137 rebatur,
262 1048 441 1148 huncque
469 1047 723 1122 molestiorem
751 957 850 1138 deri,
881 1051 1067 1149 siquando

15 1175 17 1184 '
67 1187 130 1258 per
149 1165 371 1238 cubiculum
394 1165 625 1255 ambularet,
651 1165 848 1238 asserebat.
870 1167 1070 1267 Displicuit

66 1278 255 1372 dolorem,
275 1309 387 1382 quem
409 1283 565 1354 omnino
584 1282 774 1355 sublatum
792 1307 870 1356 esse
895 1285 1066 1358 credide-

68 1413 166 1487 rant,
179 1401 315 1501 iterum
331 1402 444 1500 paulo
454 1416 651 1499 postquam
664 1403 764 1472 visus
774 1417 852 1472 erat
863 1403 1068 1500 quiescere,

70 1529 102 1584 et
117 1505 287 1606 rediisse,
304 1533 341 1590 et
360 1519 565 1614 graviorem
583 1518 623 1587 in
651 1516 729 1588 dies
747 1515 885 1590 factum
906 1543 995 1591 esse.
1022 1524 1070 1592 At

70 1647 197 1706 cetera
215 1636 274 1707 vel
292 1637 412 1707 multo
434 1637 550 1733 magis
571 1634 853 1732 displicuerunt.
875 1639 968 1706 Nam
995 1634 1069 1708 frer-

72 1766 246 1846 quentem
275 1753 429 1850 ¹pulsum
467 1768 504 1824 et
525 1751 755 1838 subdurum,
783 1754 1069 1864 respiratiqnem

74 1866 226 1942 subinde
237 1871 360 1960 altam,
371 1885 408 1942 et
417 1865 738 1968 quasidifficilem,
752 1869 881 1968 pedes,
898 1885 935 1942 et
948 1871 1071 1942 vicina

75 2005 198 2075 crura,
216 1981 255 2057 in
270 1987 424 2059 dextero
440 1989 644 2086 praesertim
660 2000 765 2075 artu,
785 1987 1016 2076 subtumida,
1034 2003 1073 2096 et

78 2099 288 2203 depressum
309 2105 454 2208 admoti
471 2105 577 2203 digiti
586 2105 781 2202 vestigium
796 2107 993 2194 servantia,
1005 2127 1070 2176 cu-

78 2233 167 2311 tem,
182 2238 219 2294 et
235 2223 367 2294 oculos
383 2221 589 2312 subflavos,
617 2224 745 2293 urinas
771 2222 935 2320 denique
954 2225 1071 2293 inter-

78 2335 133 2410 diu
144 2393 154 2428 ,
165 2356 219 2412 ·ut
241 2338 373 2412 oculos
389 2363 557 2438 qnoque,
574 2339 689 2436 magis
708 2335 884 2410 flaventes
902 2339 1071 2411 animad-

80 2457 281 2546 vertebam,
300 2473 355 2546 et,
383 2456 678 2556 quodomnium
704 2457 961 2553 gravissimum
983 2456 1070 2546 fuit,

82 2595 157 2644 cum
178 2580 302 2646 ventri
326 2597 480 2644 manum
507 2573 774 2660 admovissem,
798 2555 819 2644 a
843 2572 981 2646 dextris
1001 2575 1070 2647 sub

78 2689 149 2785 ipso
166 2690 381 2762 infimarum
402 2706 589 2762 costarum
613 2687 711 2760 flexu
735 2706 884 2762 tumens
899 2691 1009 2786 jecur
1024 2690 1071 2762 ad

80 2803 213 2880 hoedini
231 2811 362 2908 capitis
379 2807 697 2908 magnitudinem,
715 2806 854 2878 durum
874 2824 1070 2904 praeterea,

81 2927 193 2999 atsine
205 2927 349 2999 dolore.
360 2926 472 3019 Quod
488 2924 579 2994 dum
593 2939 985 3021 contrectarem,aeger
994 2923 1071 3018 jam

81 3064 98 3110 a
113 3045 291 3132 triennio,
303 3045 445 3142 inquit,
461 3059 647 3114 tumorem
665 3039 789 3127 hunc,
805 3043 976 3137 quamvis
991 3065 1070 3111 non

82 3172 233 3250 tantum,
250 3177 292 3233 ut
311 3175 348 3233 et
367 3160 565 3233 oculorum
576 3157 799 3230 flavedinem
816 3158 977 3254 aliquam
993 3160 1072 3228 ani·

82 3279 271 3367 madverti3
302 3293 505 3364 ettamen,
534 3291 575 3348 ut
600 3277 719 3347 nostis
751 3294 1072 3373 omnes,-semper

82 3390 225 3488 bonalad
241 3395 346 3467 bunc
359 3417 478 3492 usque
493 3417 635 3472 annum
651 3415 739 3463 usus
750 3415 832 3462 sum
843 3390 1069 3464 valetudine.

82 3513 182 3584 Caute
203 3537 291 3584 cum
313 3513 394 3608 ejus
412 3509 559 3581 medico
584 3511 629 3580 iis
649 3533 732 3606 quae
752 3531 797 3578 eo
814 3522 985 3605 ternpore
1005 3534 1072 3607 ap-

80 3628 162 3702 tiora
177 3632 255 3703 visa
275 3644 384 3717 sunt,
412 3627 641 3712 constitutis,
668 3649 806 3723 aegrum
828 3627 939 3696 tertio
962 3626 1073 3697 invisi

84 3765 156 3821 ante
167 3749 339 3821 medium.
354 3746 575 3844 quintilem,
596 3757 638 3814 ut
652 3753 740 3814 curn
755 3743 888 3814 eodem
907 3745 1072 3830 medico,

85 3881 114 3936 et
125 3891 203 3938 cum
214 3865 431 3946 Albertino,
453 3864 519 3960 qui
532 3862 701 3932 Bononia
715 3861 916 3948 accersitus
930 3859 1071 3948 fuerat,

27 4029 28 4036 κ
86 3987 220 4058 consilia
244 3985 392 4058 inirem.
424 3986 527 4054 Tunc
555 4001 645 4050 vero
676 3978 823 4052 oedema
852 3976 1073 4088 inferiorum

167 4103 187 4182 5
866 4117 902 4165 tr
