2740 4670
147 418 217 464 mr.
244 417 301 464 111.
330 417 376 464 uc
403 413 725 479 mansuariis,
751 417 861 464 sarsr.
889 417 976 463 xcii.
1006 394 1077 494 3¹9

79 530 216 618 simus,
245 553 327 626 quae
352 528 398 600 ad
419 529 606 600 mictionis
624 530 712 598 vitia
736 531 913 617 attinent,
941 529 999 602 his
1020 533 1076 603 iis-
1117 537 1121 580 ¹

78 647 160 718 dem
173 643 308 718 litteris
321 645 664 744 comprehendere,
685 646 800 718 multa
819 662 855 718 et
871 649 970 722 vatia
980 673 1077 746 pres·

78 765 150 836 sius
164 765 393 862 attingamus
405 785 556 834 neeesse
571 777 636 834 est.
649 764 813 834 Primum
826 765 939 862 igitur
951 767 996 836 ad
1011 787 1075 838 cat»

77 895 188 968 teras,
200 881 249 951 de
263 880 404 977 quibus
424 879 606 952 hactenus
621 873 856 978 scripsimus,
873 881 1075 956 difficulta-

78 998 119 1069 tis
138 999 258 1068 urinae
278 1001 429 1084 causas,
447 998 678 1094 illequoque
693 996 873 1070 addendae
891 1017 1074 1100 suntque

77 1116 112 1184 in
132 1116 289 1186 ttrethra
305 1130 520 1186 occurrunt.
542 1115 662 1211 Hujus
688 1115 826 1186 canalis
843 1118 948 1190 initia
972 1144 1075 1190 com*

78 1231 317 1329 prehendens
336 1247 501 1330 prostata
527 1230 701 1330 glandula
729 1248 771 1303 ut
797 1231 1074 1308 indurescendo

79 1351 403 1448 excrescendoqtre
417 1350 532 1420 urinae
550 1351 689 1421 exitum
701 1349 894 1448 impediat,
913 1377 1089 1426 norimus<

79 1462 124 1538 do
144 1466 338 1540 difficilem
371 1467 522 1556 reddat,
552 1469 746 1564 superiore
764 1469 917 1566 epistola
940 1471 996 1568 (r)
1014 1497 1075 1545 os-

77 1600 220 1658 tensum
247 1601 313 1656 est.
335 1584 406 1656 Sed
421 1607 505 1656 cum
522 1579 570 1656 ab
586 1585 713 1655 ulcere
736 1585 959 1683 inclusoque
979 1613 1074 1688 pure

79 1704 184 1774 simul
208 1703 421 1776 Occallescit
446 1718 483 1774 et
510 1717 649 1787 tumet,
682 1701 852 1774 accidere
879 1705 1071 1778 interdum

80 1837 215 1918 potest,
245 1837 287 1894 ut
306 1819 425 1893 elfitso
444 1841 539 1918 pure
559 1817 774 1917 superficies
792 1821 938 1892 interna
963 1824 1071 1895 detu-

79 1954 228 2026 mesces,
250 1942 327 2010 imo
347 1935 539 2008 ulceribus
566 1959 672 2008 erosa
696 1953 800 2008 tanto
824 1942 1071 2038 patentiorem

80 2054 163 2126 lotio
180 2057 371 2154 relinquat
387 2056 502 2143 viam,
518 2054 621 2152 quod
650 2055 782 2138 callus,
798 2081 876 2126 non
906 2081 1011 2129 secus
1030 2085 1072 2130 ac

81 2189 248 2268 prostatae
274 2172 444 2244 slrirrhus
470 2195 491 2241 a
517 2173 818 2270 praestantissimo
845 2175 995 2246 Hallero
1018 2175 1071 2272 (a)

79 2289 292 2379 adnotatus;
322 2289 529 2388 sphincteri
566 2289 689 2360 obstat
720 2292 848 2362 vesicae
886 2291 1071 2364 orificium

81 2412 336 2482 constrictttro.
362 2414 467 2478 Tunc
487 2407 600 2505 igitur
612 2404 677 2478 fiet
693 2409 809 2478 urinae
825 2409 1071 2500 stillicidium,

81 2540 118 2594 nt
134 2527 173 2595 in
192 2526 239 2598 cl.
258 2526 415 2596 Fautoni
429 2523 486 2622 (3)
511 2523 792 2612 observatione,
810 2550 923 2622 quam
940 2529 991 2598 sic
1008 2553 1072 2599 ex·

81 2640 202 2736 plicari
229 2663 339 2740 posse
366 2663 463 2712 reor.
490 2639 565 2711 Ubi
591 2654 714 2711 autem
742 2666 803 2713 res
821 2642 936 2713 modo
956 2646 1005 2715 ita
1032 2669 1070 2716 se

80 2753 206 2850 habet,
227 2758 342 2830 modo
362 2759 449 2857 puri
470 2777 571 2828 novo
588 2782 611 2828 e
630 2772 795 2854 prostata
805 2759 1070 2831 intercluditur

80 2875 211 2962 exitus,
229 2890 265 2947 et
285 2873 372 2946 hinc
389 2872 486 2946 infra
503 2875 734 2970 superiorem
745 2875 850 2944 illum
869 2875 1004 2946 callum
1018 2879 1072 2947 in·

80 2995 244 3064 tumescit
277 3015 409 3064 rursus
441 2993 589 3062 interna
626 2991 807 3090 glandulae
837 2992 1069 3092 superficiem

81 3108 186 3181 modo
208 3110 438 3182 stillicidium
461 3109 542 3180 lotii
558 3109 720 3194 accidet,
742 3110 856 3181 modo
879 3112 959 3208 ejus
983 3112 1069 3183 red·

80 3223 425 3314 claudicationes,
445 3226 807 3324 haecqueinterdum
836 3241 936 3299 tanta
958 3243 998 3300 ut
1029 3230 1067 3303 in

81 3347 373 3441 suppressionem
401 3332 604 3442 degeneret
630 3344 790 3440 periculi
819 3345 987 3442 plenam,
1022 3372 1067 3419 eo

79 3461 239 3555 majoris,
265 3465 296 3534 si
329 3459 411 3557 ejus
436 3460 617 3558 glandulae
647 3475 712 3530 aut
743 3459 986 3536 inflammatio
1004 3483 1069 3536 aut
1106 3460 1111 3478 ‘

112 3759 151 3840 (ι)
171 3766 206 3821 Ν.
225 3765 277 3833 ι3,
294 3770 346 3830 14,
365 3781 397 3832 17
412 3772 514 3834 etseq.

115 3861 155 3938 la)
175 3865 283 3938 Opusc.
298 3862 410 3936 pathol.
429 3861 494 3916 obs.
510 3857 557 3915 35.
616 3855 618 3862 ⁴

115 3960 155 4038 (3)
174 3963 264 4038 Epist.
282 3979 373 4040 supra
388 3962 425 4018 ad
438 3977 469 4016 n.
487 3955 524 4016 35
543 3958 592 4014 cit.
611 3957 647 4027 8,
663 3976 700 4013 u..
713 3958 757 4014 ιθ,
