2814 4674
283 435 325 506 16
446 460 489 508 ne
516 459 663 505 saninns
689 454 731 504 nr
757 457 880 506 einais
906 457 1113 508 nonnonnn

278 574 379 647 aliud
395 571 522 660 fuerit,
535 596 648 668 quam
660 571 763 670 quod
776 587 867 645 tunc
882 575 953 671 ipsi
963 575 1082 648 visum
1094 590 1167 665 est,
1180 595 1281 650 unus

278 692 451 766 videlicet
468 715 513 762 ex
530 691 575 762 iis
588 689 635 760 de
652 688 790 785 quibus
813 688 874 760 hic
895 692 1037 789 agitur,
1064 695 1280 766 mesenterii

279 781 424 902 tumoi3
445 826 545 884 certe
571 809 616 881 ad
639 808 780 908 pubem
800 834 939 908 usque,
963 826 1000 883 et
1019 813 1065 883 ad
1085 814 1280 888 dexterum

278 931 526 1030 operiendum
538 953 668 1001 renem
681 928 881 1000 extendere
892 953 930 1001 se
940 953 1019 1001 non
1033 933 1174 1028 potuit,
1185 938 1280 1032 quin

279 1064 427 1150 urgeret
448 1049 789 1145 comprimeretque
804 1047 999 1134 intestina,
1020 1073 1091 1119 nec
1109 1052 1208 1122 inter
1224 1077 1282 1124 re·

277 1171 335 1240 nis
352 1167 450 1239 illius
467 1168 612 1237 tunicas
633 1189 671 1236 se
694 1166 906 1252 insinuate,
924 1181 961 1237 et
977 1165 1023 1237 ad
1039 1166 1171 1238 harum
1192 1193 1282 1266 pro·

275 1287 396 1386 priam
425 1307 631 1380 renemque
650 1283 774 1380 ipsum
792 1298 892 1353 arcte
920 1283 1015 1354 adeo
1039 1309 1077 1356 se
1106 1269 1289 1384 affigere,-

278 1406 372 1502 quin
399 1404 529 1500 longas
555 1425 759 1498 gravesque
795 1416 937 1472 crearet
962 1402 1165 1492 molestias,
1197 1431 1282 1502 quae
1358 1507 1362 1517 ι

277 1522 423 1595 tametsi
440 1519 486 1592 ad
516 1543 595 1590 eam
628 1516 754 1590 sedem
788 1519 987 1607 attineant;
1013 1536 1138 1592 tamen
1167 1546 1281 1618 quam

279 1665 385 1738 saepe·
402 1638 449 1709 ad
477 1638 652 1709 intestina
680 1661 718 1708 se
749 1636 974 1726 extendant,
999 1651 1117 1734 utque
1141 1638 1282 1711 horum

265 1759 404 1857 lpotius
423 1781 535 1855 quam
556 1756 680 1842 reniS,
707 1753 858 1826 dolores
882 1753 983 1824 hand
1011 1779 1097 1827 raro
1122 1781 1201 1829 esse
1228 1760 1282 1827 vi·-

278 1876 456 1958 deantur‚
474 1875 629 1943 minime
645 1873 805 1969 ignoras.
834 1875 982 1943 Interea
998 1873 1114 1944 nolim
1131 1875 1283 1966 credaS,

278 2017 357 2063 eam
384 1990 477 2061 mihi
497 1991 719 2062 sententiam
739 2013 818 2060 esse
844 2003 886 2060 ut
909 1989 1036 2062 nullus
1061 2015 1139 2063 esse
1163 1995 1283 2089 possit

276 2109 488 2180 mesenterii
508 2120 635 2177 tumor
655 2107 722 2202 qui
744 2105 850 2178 sedes
866 2107 945 2204 ipse
955 2106 1097 2180 doloris
1115 2113 1180 2181 sit:
1201 2126 1282 2182 tan-

278 2242 356 2296 tuin
378 2226 508 2312 velim,
530 2247 609 2293 non
630 2224 737 2296 aliter
757 2223 918 2321 accipias
934 2229 1059 2297 omnia
1079 2251 1160 2323 quae
1178 2253 1198 2298 a
1219 2253 1283 2301 me

279 2342 460 2414 hactenus
496 2341 680 2439 producta
708 2329 817 2429 sont,
856 2356 966 2439 atque
1001 2343 1282 2436 animadversa,

280 2485 394 2557 quam
412 2473 453 2530 nt
472 2460 585 2546 scias,
611 2457 751 2529 nullam
776 2482 854 2531 esse
870 2483 915 2532 ex
933 2474 989 2532 tot
1008 2461 1282 2535 observationi-

278 2577 351 2648 bus
366 2575 467 2648 nnde
482 2575 625 2674 liquido
641 2591 835 2674 appareat,
851 2579 891 2646 in
909 2593 1057 2651 tumore
1071 2581 1155 2678 ipso
1172 2581 1283 2654 dolo·

277 2720 356 2768 rem
369 2693 491 2767 luisse.

332 2835 385 2884 11.
412 2812 524 2902 Quod
545 2835 633 2884 sane
650 2813 787 2883 mirum
810 2829 865 2885 est
886 2816 961 2886 sive
980 2839 1183 2888 nervorum
1203 2843 1283 2890 me-

277 2933 429 3004 senterii
456 2932 600 3028 copiam
626 2929 788 3027 spect’es,
816 2934 891 3004 sive
916 2934 997 3029 ejus
1016 2934 1281 3031 glandularum

277 3046 456 3120 officium.
479 3052 522 3116 In
540 3049 712 3119 mammis
728 3049 827 3119 enim
842 3050 955 3148 longe
972 3053 1098 3123 minor
1116 3070 1281 3152 propor-

276 3167 379 3236 tione
398 3166 495 3236 inest
523 3189 726 3235 nervorum
753 3191 933 3240 numerus
953 3195 961 3238 ε
982 3194 1142 3267 quarum
1173 3172 1279 3270 glan-

278 3283 374 3354 dulae
404 3299 571 3354 tumores
599 3284 627 3354 si
650 3285 854 3355 cruciatum
883 3285 968 3357 ideo
994 3288 1277 3378 acerbissimum

261 3397 468 3488 afferrent,
487 3399 591 3496 quod
608 3401 733 3494 chylus
750 3402 904 3492 crudus,
923 3404 978 3474 ad
988 3430 1138 3476 acorem
1155 3415 1280 3478 eonci-

271 3515 453 3614 pt'endnm
476 3532 604 3615 uptun·
620 3524 658 3586 in
683 3517 781 3590 ale'as
803 3537 938 3618 partes
959 3523 1206 3619 glandulosae
1223 3532 1279 3595 ita

276 3632 390 3706 crude
405 3649 443 3704 et
456 3640 620 3732 copiose,
638 3652 681 3706 ut
693 3637 731 3706 in
750 3662 949 3728 mammas,
968 3665 1186 3713 concurrere
1200 3667 1278 3714 non

269 3766 411 3862 potest,
431 3777 518 3825 sane
538 3753 657 3824 multo
675 3757 792 3853 magis
817 3758 855 3826 in
882 3761 1096 3831 mesenterii
1119 3763 1279 3832 tumori-

199 3881 202 3888 '
274 3867 346 3940 bus
356 3869 466 3940 dolor
479 3871 641 3968 saeviret(
651 3873 757 3968 cujus
769 3874 964 3973 glandulas
974 3930 984 3964 ,
994 3901 1078 3948 cum
1090 3878 1152 3948 illa
1165 3881 1280 3977 scrip·

275 3987 337 4076 sit,
357 4013 436 4058 non
451 3989 600 4062 videtur
616 3991 817 4067 attendisse
833 3994 889 4064 vir
904 3993 1062 4091 doctus)
1082 3997 1222 4094 quippe
1236 3998 1277 4069 in
