2740 4670
96 459 163 531 sm.
192 457 246 504 111.
275 453 808 520 nunonetsvnurats‚er1sr.
838 459 941 504 xuni.
971 403 1049 530 379ι

47 595 179 642 norum
205 570 475 668 repositionem
504 568 643 640 blanda
665 593 780 640 manu
797 569 1044 658 moliebatur,

47 687 171 783 jejuno
198 706 317 785 aegro,
348 707 472 782 neque
504 683 576 756 alio
607 685 720 782 hujus
750 688 920 784 corporis
953 690 1045 775 situ,

48 822 388 900 quamnquam,
419 803 525 873 utin
554 823 661 874 more
690 818 760 892 est,
789 804 866 900 jam
901 805 991 877 inde
1024 828 1046 876 a

49 923 229 1018 principio
246 917 474 1018 imperabat,
492 933 639 1016 tempus
658 920 813 1018 insuper
827 914 1057 1018 impellendi

48 1037 248 1110 observans
272 1061 348 1136 quo
375 1039 500 1134 jussus
526 1059 622 1134 teger
648 1039 937 1136 exspirationem
960 1038 1046 1108 lon-

50 1157 124 1252 gius
157 1155 402 1254 producebat.
437 1156 635 1252 Sanguinis
667 1170 812 1244 autem,
840 1156 1044 1253 prasertim

50 1272 107 1343 ubi
135 1271 251 1369 hujus
281 1273 394 1343 nimia
423 1272 532 1369 copia
558 1285 675 1360 esset,
709 1273 905 1344 missiones
938 1287 1046 1344 antea

51 1406 288 1489 praeeperat,
320 1413 406 1462 cum
440 1405 619 1460 consueta
645 1389 734 1476 alia,
754 1391 800 1458 in
841 1389 979 1487 quibus
1007 1405 1044 1462 et

52 1509 220 1604 clysteres
238 1507 426 1605 intellige,
443 1507 576 1578 auxilia
595 1505 823 1592 laudaverat,
837 1521 873 1577 et
889 1531 1045 1603 parcum

51 1639 121 1695 tum
150 1650 301 1724 semper
319 1624 393 1696 cibi
422 1639 612 1722 potusque
630 1643 759 1722 usum,
773 1606 824 1692 'iis
842 1647 924 1719 quae
937 1622 1045 1694 ssatus

51 1742 221 1840 gignunt,
241 1743 384 1829 vitatis,
398 1743 445 1812 ad
455 1741 533 1812 baee
546 1740 739 1838 jusculum
755 1740 952 1812 emolliens
971 1754 1046 1810 ma·

52 1885 106 1942 ne,
123 1877 278 1950 orooro,
293 1862 417 1932 oleum
438 1877 562 1932 autem
584 1881 629 1931 ex
650 1858 825 1930 dulcibus
842 1856 1046 1955 amygdalis

53 2001 174 2050 recens
208 2003 446 2076 expressum,
477 1976 642 2048 interdiu
676 2003 721 2048 ex
760 1975 946 2048 cochleari
978 1999 1046 2073 per

53 2097 142 2168 vices
163 2096 413 2184 sumendum,
438 2097 613 2168 sicutne
640 2094 724 2191 plus
753 2093 899 2166 duabus
925 2093 1046 2164 unciis

55 2213 214 2308 quotidie
232 2216 502 2295 absumeretur.
525 2216 726 2308 Postquam
745 2211 920 2284 intestina
940 2233 1046 2307 repo·

55 2345 189 2415 suerat,
213 2355 262 2400 ne
290 2328 385 2401 forte
405 2329 685 2416 relaberentur,
711 2327 843 2400 eodem
877 2329 1047 2425 corporis

55 2447 185 2540 positu,
206 2463 370 2545 optoque
388 2446 568 2544 subligari
578 2445 752 2532 cavebat,
769 2444 815 2516 ad
834 2444 938 2542 quod
951 2467 1046 2515 assu·

55 2578 124 2634 tum
142 2563 302 2636 frustum
323 2580 417 2636 esset
441 2564 565 2635 mollis
592 2566 777 2662 spongiae,
803 2579 878 2634 tres
911 2561 1046 2659 digitos

53 2679 200 2777 longum
210 2737 219 2770 ‚
231 2681 387 2753 totidem
400 2681 532 2768 latum,
546 2705 664 2754 unum
681 2705 857 2752 crassum.
870 2679 944 2750 Ubi
953 2701 1044 2750 vero

57 2800 314 2894 perintervalla
325 2825 365 2870 re
375 2801 508 2896 saepius
518 2813 658 2870 tentata
669 2799 869 2896 ‚repositio
882 2823 959 2868 nou
970 2821 1046 2868 suo·

57 2917 215 3005 cederet,
228 2941 297 2988 nec
308 2917 592 3013 graviainterim
610 2930 858 3013 symptomata
869 2914 970 2985 aliud
990 2939 1046 2986 ca·
1150 2987 1152 2992 ,

57 3057 136 3126 pere
143 3034 340 3106 consilium
348 3048 538 3132 cogerent,
547 3033 626 3130 ipse
640 3032 792 3129 quidem
803 3032 1046 3130 potiusquam

57 3150 233 3223 incassum
250 3151 419 3230 vexando
440 3149 772 3221 inflammationem
784 3161 946 3234 crearet,
963 3163 1043 3218 tum

59 3268 183 3355 vitare,
196 3283 277 3338 tum
296 3292 442 3338 servare
461 3291 598 3364 aegrum
613 3265 770 3362 jubebat
779 3279 908 3336 caetera
920 3265 1046 3334 omnia

58 3408 130 3478 quae
158 3385 255 3456 dicta
280 3397 367 3456 sunt
389 3387 463 3456 sive
488 3387 650 3455 exterius
673 3384 747 3454 sive
773 3381 930 3452 interius
950 3381 1045 3451 mol·

58 3499 164 3572 liendi
184 3527 292 3574 causa
312 3504 351 3572 in
371 3526 481 3573 usum
500 3500 702 3590 trahenda,
722 3498 786 3570 sed
803 3522 888 3569 cum
905 3499 949 3568 iis
961 3522 1048 3596 prae·

43 3609 175 3690 [settim
197 3621 307 3691 toties
329 3619 557 3690 inculcatum
581 3615 778 3716 decubitus
805 3615 980 3703 modum,
1009 3615 1049 3688 id

59 3751 106 3806 est
124 3753 164 3808 ut
185 3739 293 3808 altior
312 3752 407 3808 esset
426 3735 545 3832 pubes
569 3759 682 3831 quam
702 3735 872 3831 reliquus
896 3747 1048 3822 ventem

58 3853 103 3922 sic
123 3857 222 3925 enim
249 3878 314 3951 per
338 3879 376 3925 se
401 3868 573 3924 naturam
595 3853 788 3922 interdum
812 3876 892 3920 rem
924 3849 1047 3921 absol·

56 3985 144 4039 vere.
161 3970 419 4042 Contraxitibi
436 3971 475 4044 in
490 3992 675 4042 summam
696 3968 896 4070 eonsilium
907 3981 1047 4053 totum,
