2790 4668
279 425 351 521 490
439 447 487 504 us
511 445 658 502 smus
682 447 727 497 n
751 445 876 498 crusis
901 447 1110 498 tonsore-u

280 559 521 640 accidat.nisi
540 561 644 660 qnod
655 562 846 634 interdum
865 588 910 634 ex
926 562 1173 661 imprudentis
1192 591 1298 662 quo⁴

281 705 355 780 que
374 679 605 769 obstetricis,
631 681 815 775 secundas
842 682 1029 756 violenter
1056 681 1300 757 detrahentis
1392 709 1393 790 ᾗ

280 801 501 870 temeritate.
522 803 614 870 Rem
633 800 745 902 piane
763 799 1000 888 absolvisset,
1028 801 1059 878 si
1087 801 1299 904 prolapsus

283 915 439 987 alterum
456 939 573 1012 genus
588 941 665 986 non
685 917 892 1003 omisisset,
911 933 991 990 tum
1010 915 1180 990 videlicet
1199 943 1300 990 cum

284 1057 322 1105 se
345 1057 421 1104 non
454 1034 667 1122 invertens,
693 1033 755 1106 sed
779 1037 879 1106 intra
903 1035 1088 1116 inversam
1114 1037 1298 1144 vaginam

283 1149 483 1221 conclusus
505 1165 634 1222 uterus
655 1165 865 1236 extrorsum
885 1151 1106 1259 prolabitur.
1135 1155 1236 1224 Nam
1258 1156 1302 1226 in

284 1266 464 1339 descensu
497 1293 652 1365 quoque
686 1269 819 1366 vagina
861 1283 1008 1342 tantum
1043 1294 1081 1342 se
1109 1270 1300 1360 invertat,

251 1467 253 1470 .
282 1399 468 1481 quantum
486 1399 615 1456 uterus
632 1379 827 1460 descendit
841 1441 852 1478 ,
868 1373 1018 1464 necesse
1036 1402 1101 1460 est.
1123 1393 1207 1464 Haeo
1232 1413 1301 1466 uu·

205 1531 207 1538 ·
283 1515 358 1572 tem
383 1527 421 1573 se
442 1504 593 1575 invertit
608 1502 658 1576 ob
676 1501 824 1584 easdem
843 1505 919 1576 sive
937 1519 1128 1598 externas,
1144 1507 1222 1576 sive
1237 1507 1300 1581 in·
1393 1591 1394 1596 .

285 1633 430 1709 ternas,
461 1619 512 1691 ob
537 1646 631 1718 quas
650 1637 781 1698 uterus
801 1620 1017 1710 descendit,
1044 1647 1191 1704 causas,
1209 1625 1301 1702 vin·

286 1737 369 1810 cula
394 1738 536 1814 scilicet
558 1739 758 1842 utriusque
787 1739 899 1811 simui
931 1754 997 1810 aut
1026 1739 1300 1832 distrahentem

285 1871 348 1927 aut
375 1856 550 1932 taxantes.
584 1859 686 1948 Quas
705 1857 804 1932 inter
831 1881 959 1932 causas
986 1857 1183 1962 quomodo
1214 1858 1298 1956 ipse
1393 1889 1394 1892 ¹

285 1995 437 2080 quoque
456 1989 601 2063 uterus,
620 1976 775 2078 ipsaque
791 1975 924 2076 vagina
945 1976 1133 2048 recenseri
1157 1976 1298 2079 possit,
1393 2067 1394 2072 ἵ

284 2088 446 2187 infra(t)
466 2092 717 2170 ostendemus.
743 2097 880 2167 Praeter
892 2091 964 2170 hos
979 2117 1091 2169 veros
1108 2096 1207 2170 uteri
1218 2094 1297 2170 sive

286 2208 506 2300 descensus,
524 2211 598 2282 sive
616 2211 835 2316 prolapsus,
852 2211 1124 2313 vaginaemtiam
1147 2209 1296 2316 prolap·

287 2349 350 2398 sus
367 2342 439 2410 est,
463 2353 539 2398 non
555 2329 673 2406 levior
689 2329 825 2418 modo,
844 2330 909 2402 sed
923 2353 1203 2427 nonnunquam
1222 2344 1296 2406 tao·

284 2457 364 2530 tus,
382 2461 495 2551 atque
510 2439 717 2548 ejusmodi,
736 2461 775 2519 ut
794 2473 907 2550 quem
929 2449 1099 2534 secundo
1117 2447 1206 2526 loco
1226 2472 1296 2526 mo

288 2566 536 2653 moravimus,
577 2567 674 2642 uteri
713 2565 932 2674 prolapsum
967 2566 1121 2644 mentiri
1159 2565 1294 2668 possit,

288 2681 437 2790 qualem
465 2681 718 2786 descriptum,
753 2683 973 2782 pictamque
1001 2681 1142 2758 videris
1176 2680 1224 2760 ab
1242 2686 1292 2758 JQ,

288 2799 492 2872 Guilielmo
506 2799 734 2871 Widmanno
744 2797 877 2908 (r)qni
890 2824 911 2876 a
926 2799 1003 2877 sola
1016 2797 1159 2908 factum·
1168 2801 1293 2878 intima

286 2918 427 3016 vaginae
439 2918 564 2996 tunica
580 2919 733 2988 invenit.

290 3052 294 3060 “
333 3035 462 3108 ‘bilae
482 3033 606 3105 morbi
623 3035 759 3134 genera
776 3035 902 3106 omnia
912 3033 1013 3135 apud
1023 3049 1194 3112 vetustos
1209 3061 1295 3140 quo

289 3175 363 3250 qne
387 3152 568 3230 'medicos
597 3153 837 3250 agnoscimus
872 3167 1188 3240 commemorata,
1223 3153 1294 3230 imo

287 3253 389 3369 apud
402 3270 692 3346 vetustissimum
711 3272 882 3342 omnium
908 3271 1130 3374 magistrum
1154 3272 1291 3376 Hippo-

289 3403 449 3476 cratem,
473 3389 503 3462 si
520 3385 738 3494 prolapsum
759 3387 865 3460 illum
886 3389 1050 3494 excipias
1068 3388 1104 3459 in
1123 3412 1204 3486 qno
1219 3403 1278 3466 ute

290 3531 355 3579 rus
375 3531 464 3584 sese
480 3507 641 3604 invertit.
673 3509 793 3606 Quem
814 3522 939 3588 tamen
963 3532 983 3578 a
1004 3506 1115 3586 celso
1130 3506 1187 3606 (3)
1204 3505 1293 3586 indi·

329 3809 372 3888 (ι)
393 3811 430 3866 Ν.
450 3827 497 3871 12.
822 3887 824 3891 ι

328 3907 372 3988 (a)
394 3909 471 3983 Epir.
488 3910 526 3964 N.
541 3909 573 3965 C.
590 3919 667 3966 cent.
682 3908 718 3980 8,
734 3908 799 3964 obs.
814 3907 864 3986 gb.

329 4007 374 4086 β)
394 4009 440 4063 De
451 4006 557 4066 medic.
572 4006 604 4065 in
621 4007 737 4066 maur.
