2810 4668
235 365 348 458 Ι’551
441 405 488 454 nn
514 404 659 458 sununs
683 407 728 452 rr
753 403 877 453 causis
902 405 1110 452 nonnontur

251 528 255 536 '
277 517 384 616 vius(
391 518 437 614 ι),
450 545 495 591 ex
508 520 671 618 penitius
685 541 872 616 perpensa
884 516 977 590 colis
990 511 1173 590 structura
1191 541 1302 588 enu‘

278 637 432 709 cleatius
463 635 695 720 docuerunt,
725 649 768 704 ut
797 634 1003 732 aliquando
1034 636 1298 733 spongiosum

277 753 442 825 urethrae
459 775 615 850 corpus,
633 765 670 822 et
690 751 795 848 glans
810 750 914 824 tendi
925 765 1102 849 possunt,
1116 749 1301 822 flaccidis

278 869 541 953 manentibus,
570 869 646 938 imo
677 867 913 957 absentibus,
932 869 946 966 (
962 871 1015 940 sic
1034 869 1132 940 enim
1152 885 1299 942 noster

281 989 485 1060 Plazzonus
496 983 549 1082 (α)
559 983 692 1086 vidit),
713 986 821 1086 penis
848 985 1092 1083 corporibus,
1111 988 1161 1058 ita
1174 989 1295 1058 vicis-

282 1107 352 1179 sim
372 1103 559 1192 accidere,
577 1118 619 1174 ut
638 1101 696 1175 bis
713 1103 905 1192 distentis,
921 1103 1025 1201 glans
1043 1102 1294 1176 flaccidama-

279 1237 388 1311 neat;
413 1219 593 1292 utrolibet
622 1235 746 1292 autem
775 1220 890 1292 modo
913 1222 1163 1319 generationis
1189 1246 1294 1319 opus

280 1338 446 1410 laedatur.
473 1343 590 1409 Porro
615 1353 702 1409 sunt
725 1338 851 1438 plura,
871 1354 908 1410 et
930 1339 1031 1408 varia
1051 1337 1292 1410 distentionis

281 1459 572 1557 impedimenta,
588 1483 667 1530 non
682 1483 788 1535 secus
803 1484 845 1539 ac
864 1459 990 1556 plures
1006 1474 1108 1545 sunt,
1124 1475 1161 1530 et
1180 1462 1293 1532 variae
1353 1511 1355 1518 ι

282 1592 401 1650 causae
413 1577 660 1648 distentionis.
677 1578 886 1666 Quasinter
898 1600 1028 1650 causas
1037 1576 1292 1648 vesicularum

284 1695 521 1778 seminalium
539 1719 618 1764 non
635 1694 757 1783 solum
771 1675 875 1782 vera,
889 1693 954 1766 sed
967 1709 1004 1766 et
1016 1717 1205 1792 apparens
1217 1694 1296 1792 ple-

284 1813 421 1886 nitudo
454 1811 606 1882 videtur
637 1799 715 1884 esse
749 1811 936 1908 ponenda.
970 1817 1167 1909 Apparens
1198 1809 1293 1881 mihi

283 1927 375 2003 tunc
396 1930 550 2014 dicitur,
569 1953 656 2000 cum
674 1927 848 2000 vesiculis
866 1953 946 1999 non
963 1941 1111 1998 tantum
1135 1927 1293 2026 quidem

285 2049 384 2120 inest
406 2035 577 2131 seminis,
605 2059 790 2142 quantum
820 2065 950 2117 revera
980 2047 1068 2143 ipsae
1096 2048 1293 2117 continere

285 2165 374 2236 alias
398 2177 580 2260 possunt,
610 2162 674 2234 sed
703 2178 887 2260 quantum
911 2177 1071 2260 possunt
1096 2164 1293 2234 continere

287 2305 332 2352 eo
347 2295 527 2376 tempore.
547 2281 606 2349 Sic
623 2304 733 2351 mane
751 2281 975 2378 experrecti,
995 2281 1164 2352 seniores
1183 2281 1291 2352 etiam
1394 2325 1395 2338 κ

285 2393 418 2491 aliqui,
438 2396 659 2492 tentiginem
685 2397 899 2492 patiuntur,
920 2381 1033 2494 quam
1046 2399 1192 2485 ,urina
1211 2397 1293 2470 red·

287 2509 382 2600 dita,
406 2514 589 2584 continuo
607 2512 774 2611 abigunt.
796 2515 915 2584 Urina
933 2515 1034 2585 enim
1055 2512 1294 2586 distendebat
1394 2519 1395 2548 ³

173 2667 180 2679 ·
285 2631 468 2718 vesicam,
492 2629 570 2700 haec
590 2654 680 2702 vero
695 2630 880 2726 subjectas
900 2631 961 2702 illa
982 2632 1193 2730 praesertim
1213 2655 1293 2717 sua,

288 2773 403 2846 quam
420 2772 491 2820 nos
512 2748 800 2845 proposuimus,
819 2763 1029 2822 retrorsum
1048 2747 1293 2820 extuberante
1394 2791 1395 2874 p

287 2864 367 2936 basi
384 2864 565 2936 vesiculas
583 2864 875 2963 comprimebat,
894 2881 937 2937 ut
954 2868 1007 2938 sic
1023 2866 1227 2936 imminuta
1239 2889 1295 2938 ea·
1394 2875 1395 2878 ’

288 3007 374 3053 rum
395 2983 620 3079 capacitate,
639 2983 699 3054 vel
726 2982 879 3055 modico
906 2985 1047 3056 semiue
1065 2981 1172 3054 haud
1193 3005 1296 3056 secus

289 3097 619 3185 distenderentur,
630 3124 762 3196 quam,
778 3125 860 3170 non
878 3123 1117 3197 compressae,
1131 3099 1294 3198 plurimo

290 3215 569 3288 distenduntur.
590 3221 634 3288 Et
646 3217 783 3288 medici
795 3217 950 3314 quidem
964 3219 1294 3316 experientissimi,
1394 3225 1395 3312 l

204 3407 206 3410 ,
288 3335 328 3402 in
343 3333 478 3430 hisque
491 3333 700 3414 Gulielmus
711 3333 901 3411 Ballonius
912 3335 951 3434 <3
952 3349 979 3430 ),
991 3360 1036 3406 ex
1051 3334 1127 3407 hoc
1142 3335 1296 3434 phaeno-
1394 3371 1395 3416 t

290 3472 404 3522 meno
421 3452 513 3524 utile
531 3453 730 3523 consilium
744 3446 956 3525 traxerunt
976 3454 1105 3524 Minus
1122 3452 1296 3524 ad'ven'e-
1394 3537 1395 3564 χ

291 3589 370 3637 rem
387 3568 530 3656 valens,
548 3585 676 3658 coeat,
695 3570 819 3666 inquit
833 3570 914 3660 ille,
928 3585 1018 3670 post
1031 3569 1194 3642 multam
1210 3567 1295 3638 titil-

328 3764 374 3843 (ι)
393 3767 528 3822 Praelect.‘
542 3767 580 3824 ad
593 3768 691 3823 Instit.
707 3767 803 3836 §654⁸
910 3840 917 3850 ¹

329 3863 373 3946 (a)
393 3867 437 3922 Dc
453 3865 564 3941 partib.
581 3878 712 3942 generat.
729 3870 748 3923 l.
767 3888 796 3940 r,
815 3887 841 3927 c.
858 3885 906 3928 Ἅι.
964 3896 968 3902 ·

331 3967 375 4046 (3)
396 3969 428 4024 L.
446 3985 479 4041 2,
494 3967 598 4024 consil.
615 3969 720 4028 medio.
737 3968 785 4027 26.
828 3971 830 3978 ¹
