2740 4670
201 427 210 440 “
307 411 377 484 352
472 436 519 480 nr,
545 393 691 482 scurrus
717 435 761 480 rr
786 432 910 480 caus1s
936 433 1145 482 noaronun

306 549 480 646 podicem
498 547 752 618 excretionem
773 544 820 616 ad
836 547 1005 643 primum
1024 547 1132 618 illum
1148 549 1282 620 modum

305 665 513 763 explicare3
531 661 596 734 sed
622 661 691 734 ubi
716 662 766 734 ob
788 663 954 734 renalem
969 679 1032 736 aut
1046 667 1233 738 vesicalem
1244 669 1282 739 is-

306 781 477 856 churiam
493 781 604 852 nimia
626 781 707 874 ejus
725 781 832 876 copia
851 783 1071 878 sauguinem
1086 801 1283 881 praegravet,

304 923 429 996 neque
449 897 569 967 ullum
589 896 636 968 ab
655 895 811 968 renibus
830 900 1058 970 autavesica
1074 901 1236 973 morbosi
1249 901 1284 972 a'd

301 1017 521 1086 intestinum
534 1015 653 1111 aperti
666 1015 809 1085 itineris
817 1008 1001 1086 indicium
1016 1018 1082 1102 sit,
1103 1043 1163 1090 res
1176 1020 1222 1090 ita
1232 1044 1284 1116 po·

303 1133 377 1204 tius
402 1145 456 1204 est
483 1130 703 1228 explicanda
724 1145 767 1201 ut
788 1131 1110 1227 quemadmodum
1128 1151 1218 1205 tunc
1233 1161 1286 1233 per

302 1249 485 1319 vomitum
512 1248 596 1343 ejici
623 1247 755 1318 lotium
788 1248 878 1319 alibi
900 1249 954 1346 (1)
985 1252 1222 1348 scripsimus,
1247 1255 1286 1324 sic

304 1392 373 1465 per
390 1389 574 1463 secessum
593 1389 745 1462 quoque
761 1366 950 1460 ejiciatur,
970 1369 1234 1442 intestinorum
1249 1371 1287 1440 vi-

304 1485 439 1558 delicet
462 1482 650 1582 glandulis
665 1483 703 1553 id
728 1499 861 1580 praeter
881 1500 1053 1558 naturam
1078 1491 1287 1560 secerueuti·

302 1599 384 1676 bus.
404 1606 577 1672 Attamen
593 1600 652 1672 vel
669 1601 814 1672 ratione
842 1603 911 1672 ista
936 1603 1077 1698 posita,
1106 1604 1203 1676 illud
1226 1631 1287 1676 uon

302 1717 408 1790 lacile
425 1718 665 1816 intelligitur,
687 1718 883 1814 quomodo
903 1717 1020 1792 effusa
1038 1721 1078 1790 in
1098 1722 1231 1794 tubum
1244 1724 1287 1792 in-

206 1864 216 1884 ·
248 1833 250 1838 ’
303 1837 527 1911 testinorum
543 1836 653 1908 urina
673 1835 752 1906 sine
768 1833 900 1906 frecum
914 1837 987 1906 alvi
1004 1837 1288 1928 admistione,ut

300 1955 417 2026 modo
444 1951 716 2040 referebamus,
747 1952 983 2050 egrediatur:
1004 1981 1086 2051 quae
1106 1955 1288 2028 difficultas

301 2097 427 2168 neque
443 2095 512 2167 per
537 2071 638 2140 illam
659 2071 812 2140 alteram
829 2073 1014 2142 rationem
1032 2075 1195 2170 primam
1212 2075 1288 2146 tolli·

301 2204 364 2259 tur
389 2190 494 2258 omni
521 2213 565 2260 ex
586 2203 711 2284 parte,
733 2204 774 2259 ut
801 2213 888 2260 cum
904 2189 967 2260 illa
987 2191 1089 2287 apud
1113 2196 1286 2265 Horstium

299 2304 437 2378 femina
457 2331 532 2376 non
552 2331 638 2378 cum
658 2305 731 2378 alvi
746 2308 1009 2396 recrementis,
1022 2308 1089 2381 sed
1098 2315 1287 2408 separatim

301 2427 447 2496 urinam
462 2449 506 2495 ex
518 2424 653 2522 podice
666 2423 877 2512 emittebam
890 2425 1073 2498 Hildanus
1087 2429 1190 2498 enim
1208 2451 1288 2498 nunc

297 2565 462 2615 seorsum
488 2542 666 2638 quidem,
686 2565 784 2614 nuuc
804 2565 895 2613 uero
913 2549 1060 2614 rnt'stam
1081 2545 1155 2614 alvi
1177 2570 1287 2616 cncre-

298 2663 435 2743 meutis
461 2658 613 2732 effluere
639 2663 678 2732 in
704 2683 773 2732 suo
798 2685 887 2732 sene
910 2660 1183 2736 observaverat.
1210 2661 1287 2736 Mihi

293 2795 420 2852 autem
439 2778 699 2876 superioribus
718 2779 827 2850 aunis
841 2779 999 2876 contigit
1013 2782 1104 2852 utin
1115 2784 1287 2856 casumin-

296 2897 459 2984 ciderem
474 2950 484 2984 ,
498 2920 612 2993 quem
636 2896 791 2992 ejusque
811 2919 959 2966 causam
981 2883 1190 2972 atmodum
1215 2924 1285 2972 cum

296 3014 504 3109 intelligere
523 3037 703 3100 conarer,
723 3038 800 3082 non
816 3013 894 3083 visa
911 3017 1142 3111 estamplius
1164 3044 1208 3088 ex
1223 3043 1285 3088 ma·

235 3111 253 3121 ⁵
292 3129 440 3228 joribus
454 3131 532 3201 haec
547 3154 750 3226 essequam
761 3130 877 3200 modo
891 3133 1074 3228 proposui
1086 3131 1282 3206 difficultas.

294 3251 313 3316 J
317 3248 446 3320 uveuis
463 3246 649 3333 sacerdos,
666 3247 733 3342 qui
746 3245 796 3316 ob
812 3250 998 3346 egregiam
1013 3247 1182 3320 indolem
1197 3252 1284 3346 ejus·

294 3388 368 3459 que
386 3361 511 3436 officio
527 3364 678 3462 dignam
705 3365 932 3464 probitatem
952 3380 988 3438 et
1009 3370 1283 3464 spectatissimos

294 3503 443 3576 semper
461 3507 605 3571 mores,
626 3481 804 3555 omnibus
825 3481 965 3578 quibus
982 3499 1061 3554 erat
1077 3501 1191 3556 notus
1213 3509 1281 3555 mo-

292 3597 393 3668 riens
407 3599 464 3668 sui
479 3599 707 3670 desiderium
722 3600 893 3696 reliquit,
911 3625 997 3670 cnm
1017 3601 1112 3672 mibi
1129 3613 1282 3674 narraret

293 3739 331 3790 se
342 3717 471 3813 paucis
487 3731 571 3786 ante
587 3716 720 3788 diebus
735 3717 1039 3790 animadvertisse
1062 3722 1208 3792 urinam
1223 3718 1280 3792 sibi

287 3887 1277 3915 ·----—--—-.-.---............‚.

330 3971 375 4046 (ι)
394 3971 488 4048 Epist.
505 3979 557 4042 41,
578 3992 609 4028 n.
623 3971 651 4032 6.
