2790 4668
297 415 368 504 456
460 439 507 486 nu
534 439 679 488 snntaus
703 441 748 486 rr
773 439 897 488 causis
922 440 1133 488 nonnosum

297 553 455 624 interior
477 553 615 625 canalis
629 553 730 625 illius
749 549 861 624 facies
882 550 1016 639 inlecta
1040 569 1144 642 erat,
1172 569 1209 625 et
1225 579 1303 625 rna·

297 671 429 742 dorem
467 670 669 768 quemdam
698 696 807 768 aequo
843 672 1058 766 majorem,
1097 670 1304 768 quidquam

297 784 518 886 conspicere
537 789 645 859 licuit
655 788 768 886 ,quod
784 788 830 860 ad
845 789 1099 886 suspicionem
1115 791 1303 861 attineret.

297 905 468 976 Uretbrae
477 920 621 1002 partem
634 903 825 1002 'reliquam
843 930 968 978 secare
985 929 1072 976 cum
1091 907 1132 976 in
1147 906 1305 978 alterum

298 1023 571 1094 distulissemus
592 1022 709 1112 diem,
727 1023 822 1111 aliis,
841 1038 883 1093 ut
896 1019 954 1112 lit,
975 1023 1306 1096 observationibus

298 1139 470 1228 abducti,
488 1141 586 1210 hanc
606 1139 790 1238 perficere
809 1137 920 1212 ¹obliti
934 1163 1073 1213 sumus.

347 1259 381 1330 6.
398 1259 464 1327 Hic
483 1273 608 1329 tamen
623 1255 807 1330 nihilnisi
831 1260 995 1356 suspicio
1012 1258 1148 1331 fuerat.
1172 1261 1307 1358 Accipe

296 1379 372 1474 jam
388 1401 490 1474 quae,
518 1399 604 1447 cum
629 1372 729 1447 cer'ta
747 1391 843 1448 essct
865 1376 1114 1474 gonorrhoea,
1139 1380 1308 1475 quamvis

300 1519 378 1566 non
397 1500 547 1583 recens,
563 1491 830 1566 invenerimus.
1202 1577 1218 1609 ·

319 1647 323 1654 ·
350 1641 382 1712 7,
405 1616 558 1684 Juvenis
576 1637 719 1712 annum
735 1637 850 1710 agens
865 1613 1086 1710 vigesimum
1102 1614 1281 1710 quintum
1298 1661 1306 1700 ,

300 1733 408 1828 cujus
419 1729 642 1802 flavescebat
654 1728 783 1817 facies,
800 1726 1023 1802 virulentam
1038 1730 1307 1828 gonorrhoeam

298 1865 481 1921 vetustam
507 1851 717 1920 recentiore
739 1849 854 1920 altera
875 1863 962 1920 aute
988 1873 1051 1919 sex
1078 1873 1232 1920 menses
1252 1874 1307 1918 re-

281 1953 514 2062 novaverat.
534 1969 614 2056 Qua
637 1981 844 2064 perstante,
860 1991 904 2038 ex
929 1963 1123 2064 profundo
1152 1967 1306 2037 vulnere

300 2088 339 2155 in
358 2084 445 2154 colli
464 2084 655 2154 sinistrum
682 2082 779 2155 latus
798 2082 962 2166 inflicto,
983 2098 1131 2154 tantum
1158 2085 1304 2181 sangui-

300 2203 380 2288 nis,
402 2216 438 2272 et
456 2202 566 2270 toties
591 2200 787 2298 profluxit,
805 2217 846 2272 ut
866 2200 1122 2271 inevitabilem
1145 2219 1304 2273 mortem

299 2316 465 2389 attulerit
485 2320 584 2388 inter
599 2321 703 2390 initia
721 2323 810 2390 anni
834 2327 935 2418 1740.
958 2319 1126 2390 Cadaver
1144 2321 1198 2392 ob
1219 2345 1305 2418 prae-

302 2437 444 2535 gressas
463 2435 754 2536 haemorrhagiae
783 2437 1064 2536 propemodum
1098 2435 1305 2536 exsangue,

303 2579 424 2651 eoque
456 2557 677 2627 anatomicis
707 2555 1045 2654 perquisitionibus
1074 2557 1304 2653 aptissimum

302 2672 443 2743 ibidem
455 2727 463 2761 ,
474 2672 611 2748 nostris
625 2673 923 2771 inspectantibus
937 2657 1194 2763 auditoribus,
1206 2672 1306 2746 tanto

301 2790 516 2887 diligentius
554 2806 765 2888 persectum
790 2807 862 2879 est,
891 2791 995 2888 quod
1021 2815 1216 2889 perpauca
1244 2791 1304 2861 ha*

302 2906 386 2977 buit
404 2905 451 2978 ab
469 2908 630 2978 naturali
644 2911 912 3006 constitutione
931 2907 1206 3006 discrepantia:
1229 2914 1304 3006 quae
1384 2901 1385 2920 ¹

300 3025 524 3122 priusquam
564 3025 611 3095 de
646 3026 799 3114 urethra
826 3014 1010 3116 scribam,
1043 3025 1235 3098 indicabo.
1266 3032 1303 3096 In

302 3139 448 3213 cerebri
487 3141 703 3214 lateralibus
740 3143 960 3214 ventriculis
1001 3168 1086 3214 cum
1132 3143 1303 3240 plexibus

301 3253 568 3346 choroidibus,
593 3259 643 3330 ob
671 3285 752 3331 eam
774 3285 856 3358 quae
871 3258 993 3357 modo
1018 3260 1117 3332 dicta
1137 3276 1212 3349 est,
1226 3285 1302 3332 cau·
1384 3319 1385 3326 ,

300 3394 377 3449 sam·
403 3375 652 3472 pallentibus,
677 3403 780 3475 aquoe
798 3403 876 3449 non
898 3379 952 3448 ita
974 3376 1139 3474 limpidae
1160 3379 1301 3476 pauxil-
1384 3353 1385 3378 l

300 3495 377 3564 lum
403 3492 483 3564 fuit.
498 3495 594 3565 Colli
612 3497 750 3567 vulnus
771 3496 817 3566 ad
836 3520 962 3567 ramos
975 3496 1138 3592 denique
1154 3521 1234 3566 nou
1252 3513 1301 3572 te-

298 3635 393 3682 nues
427 3610 723 3709 sauguiferorum
763 3637 939 3685 vasorum
978 3612 1082 3682 baud
1117 3614 1251 3710 procul
1281 3637 1299 3681 a

300 3727 432 3798 mediis
460 3730 614 3800 cervicis
639 3730 822 3802 vertebris
845 3729 1070 3827 pertinebat
1095 3733 1238 3802 Venter
1251 3731 1299 3825 je·

277 3893 279 3900 ·
300 3869 368 3914 cur
381 3837 513 3915 babuit
532 3839 689 3942 durum,
707 3841 846 3918 lobulis
864 3847 1040 3945 praeclare
1067 3847 1296 3944 conspicuis,

298 3962 435 4034 lienem
466 3989 655 4066 magnum.
688 3965 760 4037 Ubi
780 3965 826 4036 ad
846 3966 1018 4064 genitalia
1043 3979 1199 4037 ventum
1228 3977 1295 4049 est,
