2814 4674
185 423 193 450 Ι
259 435 305 517 52
421 465 468 516 or
494 453 640 514 santam
665 466 709 514 aa
734 458 857 515 crosis
882 459 1092 516 uonrotunt

258 582 373 655 verba
402 581 608 655 identidem
641 577 857 679 proferens,
875 607 961 654 cum
979 607 1017 656 se
1037 583 1076 654 in
1100 582 1260 656 alterum

254 699 375 788 latus,
395 697 499 797 quod
520 697 777 795 superioribus
792 696 1260 796 diebusfaceresineauxi*
1300 789 1305 795 Ι

253 817 306 890 lio
323 841 401 888 non
419 829 584 914 poterat,
605 839 672 912 per
684 839 722 887 se
733 818 996 904 convertisset,
1012 842 1098 887 mox
1111 816 1258 915 placide

253 936 420 1034 optimus
430 933 584 1005 antistes
599 957 643 1003 ex
659 931 731 1004 hac
748 935 822 1004 vita
841 934 1024 1031 migravit.
1112 1005 1115 1014 ,

303 1052 360 1124 26.
396 1050 562 1122 Cadaver
593 1073 679 1120 cum
714 1064 810 1122 esset
843 1049 1098 1122 condiendum
1133 1051 1257 1149 prima

250 1183 388 1257 nocte,
409 1181 452 1238 ut
478 1165 604 1238 triduo
636 1166 810 1264 proximo
826 1167 925 1262 justa
942 1165 1094 1257 fierent,
1121 1193 1259 1242 omnes

251 1287 320 1384 qui
339 1285 494 1364 consilia
507 1284 808 1370 contuleramus,
823 1284 1004 1372 'advocati
1034 1310 1170 1359 sumus.
1196 1285 1255 1358 Ibi

250 1429 339 1476 cum
354 1403 401 1475 ab
418 1402 591 1474 antistitis
604 1399 759 1474 medicis
771 1417 808 1473 et
822 1398 1066 1475 familiaribus
1083 1402 1254 1476 sacerdo·
1293 1501 1295 1504 Ι

250 1521 353 1595 tibus
369 1545 412 1592 ea
430 1520 656 1617 accepissem
675 1541 756 1617 quae
776 1517 845 1591 tibi
861 1517 908 1590 de
921 1533 1113 1617 postremo
1127 1519 1254 1592 morbi

249 1653 421 1737 tempore
436 1661 507 1736 pro
521 1649 625 1707 certo
641 1635 771 1724 retuli,
786 1654 875 1706 mox
887 1636 1185 1736 inspectantibus
1197 1661 1254 1710 so·

248 1759 316 1832 ciis
330 1773 367 1830 et
386 1755 562 1829 studiosis
576 1751 674 1825 bene
690 1753 837 1839 multis,
863 1755 943 1851 ipse
963 1752 1093 1852 praefui
1111 1755 1253 1828 dissec·
1351 1730 1360 1746 ’

249 1877 356 1948 tioni.
377 1873 598 1960 Ahdomen,
624 1873 692 1943 etsi
718 1875 855 1944 macies
879 1887 981 1944 artus
998 1873 1119 1945 multo
1137 1875 1257 1972 magis

251 2010 289 2065 et
317 1991 448 2066 faciem
476 2014 590 2088 quam
613 1989 738 2086 ipsum
758 2003 1044 2081 extenuaverat,
1071 1989 1257 2066 hactenus

251 2127 378 2183 tamen
392 2106 624 2200 subsederat,
637 2120 680 2176 ut
697 2104 757 2176 vel
772 2103 819 2176 ab
835 2105 906 2177 hac
923 2131 1031 2180 causa
1048 2107 1150 2243 *di
1167 2133 1258 2206 pos·

251 2243 325 2316 set,
343 2242 531 2298 tumorem
550 2223 668 2322 magis
689 2246 803 2319 quam
820 2239 930 2297 autea
943 2224 1174 2326 videramus,
1196 2252 1256 2300 ex·
1312 2308 1315 2323 Ι

248 2359 415 2418 trorsum
446 2363 641 2438 assurgere
666 2355 705 2410 et
722 2340 980 2438 protuberare.
1000 2341 1256 2418 Nihilominus

248 2461 320 2534 sub
338 2475 416 2532 tota
430 2458 643 2530 abdominis
661 2471 746 2528 cute
763 2458 956 2556 pinguedo
972 2476 1052 2534 erat
1071 2461 1144 2536 alta
1160 2462 1255 2561 digi-

247 2592 308 2651 tos
327 2577 432 2650 duos.
448 2573 634 2648 Patefacto
653 2576 794 2648 ventris
814 2601 924 2666 cavo,
946 2577 985 2648 in
1005 2578 1109 2676 quod
1129 2605 1254 2654 serum

200 2761 205 2772 .
246 2695 369 2770 fuerat
380 2679 724 2791 sanguinolentum,
738 2693 800 2763 vix
814 2693 861 2764 ad
875 2709 951 2767 tres
958 2694 1072 2768 libras
1080 2695 1255 2789 effusum,

248 2813 325 2887 duo
350 2812 462 2885 simul
486 2812 657 2882 omnium
683 2809 814 2882 oculos
837 2812 877 2882 in
907 2837 945 2883 se
969 2830 1251 2888 converterunt.

246 2933 344 3004 Hinc
357 2931 458 3002 enim
475 2943 626 3015 tumor,
646 2927 693 2998 de
717 2952 795 3025 quo
812 2928 906 3000 adeo
926 2929 1155 3028 disputatum
1176 2931 1256 3005 fue·

248 3064 327 3135 rat,
348 3047 474 3144 magni
505 3047 624 3118 instar
645 3044 748 3144 globi
777 3047 836 3116 vel
860 3048 986 3146 potius
1002 3047 1256 3149 hemisphaerii

248 3167 444 3265 apparuit,
470 3165 500 3236 si
523 3165 712 3268 colorem,
740 3161 919 3252 fetorem,
941 3165 1150 3264 superficiei
1166 3169 1257 3238 inae-

250 3284 470 3384 qualitatem
483 3281 718 3370 attenderes,
736 3283 859 3379 specie
880 3276 1073 3356 foedissimi
1087 3287 1257 3358 carcino-

248 3402 370 3476 matis.
393 3398 490 3470 lnde
514 3413 640 3470 autem
661 3422 762 3470 novo
787 3413 823 3469 et
839 3401 1016 3472 inusitato
1039 3403 1255 3503 spectaculo

247 3517 436 3620 quidquid
460 3517 570 3614 spatii
593 3518 692 3587 intra
715 3531 886 3588 ventrem
915 3533 970 3590 est
999 3519 1047 3591 ab
1072 3519 1255 3594 umbilico

248 3635 449 3721 deorsum,
467 3633 506 3702 id
525 3657 656 3721 omne,
675 3635 706 3704 si
719 3633 792 3706 coli
809 3635 976 3707 intestini
991 3637 1177 3708 sinistram
1195 3639 1254 3709 in·

247 3750 424 3827 feriorem
441 3766 604 3849 partem,
624 3765 865 3849 rectumque,
890 3768 926 3825 et
949 3753 1053 3851 quod
1069 3780 1114 3825 ex
1130 3779 1255 3826 meso·
1282 3735 1287 3740 .

248 3871 333 3945 colo
344 3869 393 3942 ad
410 3868 490 3939 haec
508 3882 668 3965 spectat,
687 3883 723 3940 et
742 3869 947 3944 urinariam
968 3871 1128 3943 vesicam
1154 3873 1255 3942 exci-

247 4013 377 4092 peres,
404 4009 566 4057 vacuum
602 4009 761 4084 prorsus
791 4011 812 4057 a
841 3985 1045 4061 visceribus
1076 4003 1113 4062 et
1142 3981 1280 4062 inane*
