2746 4674
293 395 360 474 ¹30
453 417 499 470 na
526 413 672 469 suanus
697 421 741 468 nr
766 421 890 470 causis
914 415 1124 470 noaroauu

285 537 474 624 bandum,
501 533 716 606 mitioribus
745 535 872 632 potius
905 550 943 607 et
969 536 1125 608 anodini
1154 531 1308 635 aliquid

284 655 536 740 habentibus,
555 677 667 750 quam
692 652 901 726 acrioribus
931 653 1125 728 diuretiois
1150 671 1308 744 uterer,

283 776 350 871 qui
371 772 462 842 hinc
479 770 738 853 meminerim,
757 786 959 868 antequam
988 769 1208 843 Boerhaavii
1234 774 1253 871 (
1290 774 1306 870 )

284 889 430 961 monita
450 887 667 986 prodirent,
693 911 919 985 generosum
943 887 1146 984 quemdam
1174 885 1306 962 civem

283 1031 434 1095 meum,
455 1009 515 1078 cui
534 1006 627 1104 lapis
642 1029 662 1076 e
678 1005 801 1076 vesica
811 1019 982 1078 exsectus
992 1003 1129 1091 fuerat,
1141 1003 1308 1105 nephri-

172 1217 176 1224 ἱ
282 1126 365 1196 ticis
385 1124 593 1195 obnoxium
610 1121 827 1212 doloribus,
839 1122 899 1194 his
908 1126 1028 1196 rarius
1037 1125 1174 1195 tentari
1194 1149 1308 1224 coep·

282 1255 364 1313 tum
388 1265 467 1314 esse
489 1268 534 1314 ex
556 1264 637 1340 quo
657 1242 770 1312 tertio
793 1254 858 1312 aut
881 1255 1018 1338 quarto
1047 1265 1203 1339 quoque
1236 1243 1308 1316 die

280 1381 391 1432 mane
420 1359 574 1430 haurire
606 1359 767 1430 instituit
798 1357 925 1432 calidae
952 1359 1081 1430 uncias
1117 1359 1306 1457 aliquot,

282 1455 472 1552 'cochleari
489 1476 618 1546 addito
636 1478 766 1573 syrupi
781 1499 827 1546 ex
844 1497 958 1552 succo
975 1474 1156 1549 violarum
1172 1503 1184 1565 3
1204 1478 1303 1550 inde

278 1617 370 1666 vero
402 1596 515 1666 sciam
548 1593 728 1667 diuretica
761 1593 916 1690 proprie
935 1592 1049 1664 dicta
1079 1594 1298 1667 nonnulios

281 1713 437 1813 quidem
468 1711 668 1798 liberass03
687 1709 768 1782 aliis
790 1724 923 1806 ,autem
950 1709 1198 1783 vehementer
1225 1737 1300 1784 no-

278 1834 398 1918 cuisse
416 1857 424 1899 ε
445 1852 571 1926 neque
587 1827 664 1898 hoc
687 1827 827 1897 mirum
849 1829 927 1899 sire·
945 1852 987 1898 ea
1006 1828 1302 1902 attendentibus

278 1971 361 2047 quae
379 1971 493 2046 supra
512 1946 568 2043 (α)
587 1946 778 2042 attigimus
798 1943 845 2017 de
867 1923 1143 2044 mucilaginosa
1156 1943 1301 2019 humo·

277 2093 332 2153 re,
343 2091 421 2163 quo
438 2063 661 2136 tubulorum
680 2077 718 2132 et
730 2063 848 2160 pelvis
863 2062 1299 2162 parietesobliniuntur,

278 2183 358 2258 non
386 2199 529 2254 temere
550 2180 786 2267 amovendo,
811 2182 887 2252 sive
910 2182 1198 2266 oontractionos
1232 2207 1300 2254 eo-

277 2300 451 2388 rumdem
471 2300 677 2397 parietum,
702 2321 784 2395 quae
801 2311 844 2369 ut
862 2300 1005 2372 acrium
1033 2298 1298 2374 modioamen·
1371 2295 1372 2300 ¹

276 2437 403 2494 torum
425 2420 701 2490 irritamentum
721 2431 957 2513 sequuntur,
978 2421 1031 2492 sio
1045 2432 1242 2516 quantum
1261 2435 1298 2492 et

275 2539 353 2608 tias
375 2538 599 2634 importune
628 2533 863 2632 adstringant
894 2547 931 2614 et
955 2535 1108 2616 dolores
1126 2553 1297 2634 augeant
1370 2547 1371 2555 ’

276 2651 607 2727 manifestumestz⁴
628 2653 781 2722 Utinam
797 2651 933 2725 radicis
950 2653 1062 2726 scillae-
1081 2654 1136 2724 vis
1155 2654 1296 2736 anodi-

276 2795 345 2860 na,
363 2788 399 2844 et
414 2771 680 2846 convulsiones
703 2770 877 2868 sopiens„
904 2769 951 2842 ab
974 2768 1207 2843 Hofdmaano
1234 2774 1296 2842 in-

276 2891 415 2975 dicata,
434 2890 526 2961 etin
549 2886 765 2986 nephritide
787 2887 886 2985 ipsa,
903 2889 1053 2958 etiamn
1073 2887 1295 2968 minoribus

277 3008 431 3080 calculis
463 3006 772 3104 proveniente,‘a
790 3004 833 3074 cl.
856 3010 912 3076 to.
931 3005 1107 3077 Gerardo
1124 3009 1293 3103 Wagne-
1368 3023 1369 3029 ’

273 3147 319 3199 ro
342 3125 403 3220 (3)
423 3126 608 3221 exposita,
634 3135 690 3192 tot
717 3119 997 3201 felicibusaiiis
1015 3123 1292 3220 experimentis

218 3331 220 3335 v
274 3242 587 3326 confirmaretur,
603 3255 645 3317 ut
662 3264 740 3317 non
756 3240 882 3312 minus
897 3238 998 3338 apud
1012 3238 1178 3322 medicos
1194 3257 1291 3328 nota
1367 3221 1368 3265 ¹

274 3376 387 3446 esset,
408 3383 519 3456 quam
535 3357 717 3428 diuretica
730 3357 785 3426 vis
796 3373 994 3455 perspecta
1008 3357 1085 3456 est,
1098 3380 1188 3428 sane
1202 3359 1286 3430 Itali
1366 3403 1367 3412 κ

272 3501 428 3575 quoque
438 3477 572 3563 nostri,
585 3474 653 3546 etsi
669 3471 893 3572 plerumque
907 3471 953 3546 ab
969 3473 1136 3560 emeticis
1146 3529 1157 3564 ,
1166 3476 1285 3610 patale

265 3779 267 3784 '
311 3773 355 3850 (ι)
376 3776 505 3830 Praelect.
519 3774 558 3829 ad
570 3773 640 3828 inst.
659 3777 674 3842 S
691 3770 748 3830 365
760 3785 790 3830 et
807 3773 876 3844 387.

299 3873 354 3954 ,(2)
375 3877 411 3930 N.
425 3875 516 3930 modo
530 3872 660 3928 indicato
674 3871 702 3928 3.

311 3972 354 4057 (3)
375 3973 500 4041 Obserr.
513 3972 611 4029 elinic.
625 3983 694 4030 sect.
710 3991 743 4044 2,
756 3993 786 4028 n.
801 3992 833 4044 a,
845 3992 864 4048 9
876 3983 906 4028 et
918 3989 966 4028 ro.
