2746 4674
158 495 223 546 trs.
252 499 310 546 111.
337 459 880 561 nrnonnrs,vsrtr'nrs‚rr1sr.
907 501 964 544 ιι.
998 473 1063 548 ι33
1122 487 1125 494 ’

115 611 164 682 ι8.
183 612 336 684 Femina
352 637 434 709 quae
454 637 499 682 ex
511 636 644 692 renum
663 607 928 684 affectionibus
943 613 1067 685 diula·

72 724 277 816 bonavem,
293 729 458 826 denique
472 753 558 800 cum
571 743 723 800 uterum
736 743 912 826 gererent
931 730 1067 825 quinto

75 847 278 942 gestationis
303 871 432 920 mense
457 845 561 918 obiit.
588 849 737 918 Renum
765 845 859 917 alter
886 847 1068 944 strigosus

74 959 149 1049 tuit,
165 963 312 1062 quippe
323 987 433 1035 cavea
446 961 602 1060 quidem
616 961 737 1062 pelvis
756 977 885 1050 aucta,
902 961 1070 1034 substan·

73 1077 120 1148 tia
136 1093 260 1150 autem
287 1077 533 1152 crassitudine
559 1092 767 1151 extenuata.
791 1078 954 1150 Alterius
971 1103 1069 1176 quo-

74 1197 234 1292 que,etsi
247 1194 450 1294 longitudo
471 1211 508 1268 et
529 1195 689 1268 latitudo
713 1196 972 1285 increverant,
991 1195 1077 1268 exi··

75 1335 134 1407 gua
146 1329 231 1420 grat
252 1311 482 1411 quibusdam
493 1313 588 1386 locis
605 1311 821 1386 substantiae
839 1313 1069 1404 crassitudo,

74 1429 175 1524 pelvis
190 1446 321 1504 autem
345 1430 555 1531 amplitudo
573 1455 791 1531 permagna.
810 1435 895 1502 Haec
913 1455 1004 1502 vero
1029 1432 1069 1501 in

74 1562 247 1618 ureterem
267 1547 463 1620 desinebat
480 1564 626 1620 arctum
641 1547 758 1636 adeo,
779 1562 822 1618 ut
840 1547 994 1620 adactus
1005 1572 1070 1620 aer
1153 1535 1160 1557 κ

74 1663 122 1734 vir
139 1665 326 1737 transiret.
340 1668 424 1756 Qua
433 1681 559 1737 autem
578 1665 696 1764 pelvis
719 1689 807 1736 cum
825 1665 962 1736 intimo
977 1691 1068 1740 rene
1117 1675 1119 1680 '

74 1779 293 1872 coherebat,
311 1782 392 1856 latis
407 1797 582 1882 pertusus
594 1798 674 1855 erat
690 1780 866 1872 orificiis,
885 1806 966 1879 quae
981 1806 1069 1854 cum
1188 1763 1195 1770 ⁸

75 1900 201 1995 magnis
216 1900 365 1973 cellulis
383 1899 726 1972 communicabant.
752 1903 896 1970 Harum
915 1923 1070 1996 quoque

76 2013 283 2089 cellularum
302 2017 426 2117 aliqua
446 2019 606 2118 parietes
630 2013 796 2090 habebat
814 2016 895 2088 aliis
917 2011 1070 2101 orificiis

76 2129 296 2228 perforatos;
317 2136 356 2207 in
377 2161 460 2235 quae
479 2135 666 2235 impulsus
682 2160 747 2207 aer
769 2132 911 2206 multos
933 2133 1071 2206 canali-

77 2247 186 2341 culo,
208 2252 399 2352 simulque
431 2252 685 2350 emulgentem
716 2249 956 2325 distendebat
972 2265 1070 2324 arte-

76 2363 163 2467 riam.
189 2373 309 2442 Erant
327 2385 452 2443 autem
479 2371 505 2442 ii
529 2369 726 2444 canaliculi
749 2369 939 2442 arteriosis
954 2369 1069 2442 ramis

77 2481 107 2550 iu
125 2498 377 2560 transversum
404 2487 580 2588 impositi.
610 2467 795 2560 Ceterum
824 2511 887 2559 eas
916 2485 1071 2558 cellulas

77 2599 170 2674 urina
188 2603 398 2704 implebat:
422 2605 524 2678 renis
539 2617 665 2678 autem
681 2602 898 2704 superficies
917 2629 963 2676 ex
975 2605 1072 2676 vasis
1127 2612 1142 2626 '

78 2711 175 2792 fiebat
194 2717 439 2818 sauguiferis,
463 2721 502 2793 in
528 2721 819 2806 crassiusculum
833 2721 956 2820 ,quasi
982 2736 1072 2794 stra-

79 2846 146 2906 tum
164 2839 383 2938 compactis.

120 2978 168 3051 ¹9·
182 2954 321 3050 Qui'ad
333 2953 634 3055 cognoscendam
646 3010 656 3044 ,
669 2956 840 3028 intimam
859 2970 902 3028 ut
920 2965 1071 3027 caetero-

80 3093 151 3142 rum
161 3076 363 3164 viscerum,
374 3075 428 3148 sic
439 3075 549 3146 etiam
562 3098 698 3166 renum
711 3087 959 3162 structuram,
973 3097 1073 3146 mor-

81 3181 174 3262 bosas
196 3191 486 3263 constitutiones
511 3191 669 3276 omnino
694 3204 964 3289 aspernantur,
991 3214 1072 3262 non

81 3299 164 3378 hane
179 3306 336 3381 fortasse
368 3283 632 3398 contemnent,
657 3336 703 3382 er
723 3332 799 3406 qua
816 3307 991 3380 videlicet
1013 3333 1075 3380 re-

82 3443 160 3493 num
173 3423 402 3498 canaliculos
425 3425 580 3524 probari
602 3425 780 3514 credent,
809 3450 896 3498 cum
917 3426 1075 3513 arteria,

82 3539 171 3613 nulla
188 3567 229 3614 re
247 3543 464 3640 interjecta,
483 3543 827 3631 communicantem
843 3559 943 3616 recte
960 3568 1008 3614 an
1023 3567 1078 3614 se·

84 3651 231 3731 cusnon¹
251 3677 307 3734 est
328 3661 421 3730 mihi
443 3660 506 3732 hic
533 3659 771 3758 disquirendi
796 3661 922 3749 locus,
949 3685 1074 3758 neque

85 3773 320 3848 confirmandi
349 3779 582 3876 excogitatia
601 3801 663 3850 me
681 3778 772 3850 olim
791 3777 850 3874 (r)
874 3777 921 3848 ad
940 3773 1076 3874 patefa-

118 4034 156 4114 (ι)
173 4041 250 4098 Adr.
268 4051 349 4098 anat.
363 4041 395 4116 3,
411 4041 539 4102 animad.
554 4041 609 4122 33,
622 4042 685 4100 vid.
697 4055 727 4100 et
739 4044 833 4118 Epist.
847 3997 926 4104 anat.
940 4043 971 4114 3,
982 4061 1012 4098 ιι.
1030 4038 1076 4100 15.
