2814 4674
178 515 237 562 un.
264 517 317 563 111.
346 517 392 563 ou
419 514 553 562 uorsus
570 515 739 580 vsurrus,
765 517 876 564 rrrsr.
896 519 1018 564 xxx1x.
1071 489 1121 591 69

135 643 225 722 perta
240 644 325 700 suut
344 629 390 700 ad
410 629 603 726 superiora
627 643 795 700 retracta.
826 629 898 700 Sed
916 654 987 701 nec
1010 633 1120 728 'signa

135 742 273 816 deerant
301 746 483 818 erosionis
511 747 550 816 in
573 745 708 834 altero,
732 745 772 815 in
800 771 874 844 qua
904 745 1120 843 hydropicae

138 859 293 932 intestina
313 877 513 960 conspecta
530 877 617 934 sunt
633 863 672 932 in
687 887 806 933 unum
822 863 1102 960 conglomerata
1111 881 1130 952 ‚·

136 989 166 1045 et
181 977 291 1049 veluti
309 979 348 1048 in
364 979 520 1076 globum
533 994 624 1050 octa.
643 977 756 1052 Vides
773 981 907 1078 igitur,
932 995 1027 1076 quot
1052 979 1123 1051 ob-

135 1095 392 1168 servationibus
410 1093 594 1167 adductus
609 1093 743 1167 fuerim
756 1151 765 1185 ‚
784 1112 824 1168 ut
840 1096 906 1167 ubi
919 1123 1006 1168 cum
1022 1113 1123 1172 caete-

135 1210 178 1280 ris
200 1211 270 1285 illis
296 1213 443 1286 indiciis
470 1215 620 1286 ascitem
648 1204 760 1287 fuisse
793 1211 981 1302 audirem,
1008 1207 1124 1288 intes-

135 1329 289 1400 tinorum
316 1330 478 1430 aliquam
503 1331 751 1407 cohaesioueru
780 1355 859 1404 esse
877 1355 986 1433 posse
1005 1322 1132 1433 stispi*

134 1468 235 1516 oarer.
1132 1468 1134 1478 '

172 1563 229 1634 31.·
254 1562 325 1634 Sed
353 1565 530 1661 quoniam
544 1565 726 1647 ‘intestina
753 1565 940 1637 cohaerere
970 1563 1131 1664 quidem¹

132 1695 283 1776 possunt
299 1681 398 1752 inter
416 1705 473 1769 se,
490 1707 621 1779 neque
632 1695 758 1752 tamen
781 1683 856 1753 suis
873 1681 1012 1753 relictis
1030 1681 1127 1754 sedi·

131 1795 193 1870 bus
210 1797 577 1894 itaeonglomerari,
591 1814 633 1870 ut
651 1798 721 1868 alia
733 1797 812 1870 aliis
832 1799 1007 1897 imposita
1022 1824 1067 1870 ex
1084 1823 1125 1872 se
1205 1815 1218 1824 “
1279 1829 1283 1836 ·

131 1929 313 1986 tumorem
328 1912 365 1986 et
383 1916 488 2012 quasi
509 1915 664 2018 globum
680 1913 862 2005 efficiant3
882 1917 911 1988 si
921 1913 1018 1986 forte
1029 1941 1126 2014 quae-

131 2034 175 2104 ris
192 2031 549 2130 conglomerationis
581 2059 708 2106 causas
727 2061 736 2103 ε
757 2033 859 2105 haud
885 2035 961 2106 scio
987 2061 1036 2105 an
1051 2045 1124 2132 'ap-

131 2151 238 2223 tiores
258 2151 468 2248 excogitare
481 2153 619 2248 possim
637 2175 748 2249 quam
765 2151 938 2224 dolores:
961 2167 1129 2253 quorum‘

130 2268 163 2337 ri
176 2282 258 2339 tum
277 2267 383 2339 sedes
394 2269 658 2340 intestinorum
673 2282 888 2355 mutentur,
906 2283 987 2339 tum
1008 2267 1127 2340 cohae-

132 2387 253 2456 siones
265 2382 367 2455 fiant.
383 2389 427 2456 Et
442 2386 582 2460 mutari
597 2384 748 2482 quidem
767 2387 907 2484 primes
922 2385 1022 2456 haud
1040 2411 1127 2458 raro

133 2503 168 2572 in
182 2503 229 2573 iis
247 2503 313 2598 q'ui
328 2501 592 2573 intestinorum
621 2501 816 2575 doloribus
839 2509 927 2576 suut
953 2502 1107 2573 obnoxii
1117 2557 1131 2592 „

136 2619 210 2690 aliis
219 2618 354 2690 litteris
367 2619 419 2714 (1)
432 2643 475 2690 ex
489 2619 673 2716 ejusmodi
688 2645 890 2718 corporum
906 2619 1128 2721 observatio·

128 2735 238 2808 nibus
256 2741 447 2807 ostensum
464 2751 540 2825 est,
557 2751 600 2806 ut
617 2762 703 2808 cum
720 2738 915 2810 interclusi
934 2736 1041 2808 flatus
1057 2737 1128 2807 dis·

130 2865 272 2926 tentum
308 2849 419 2923 colon
449 2852 522 2924 alio
548 2868 639 2923 tunc
664 2869 799 2952 urgent
814 2861 887 2925 'aut
906 2853 1129 2925 deturbant:=

131 2995 241 3066 quam
269 2993 426 3041 eausam*
441 2955 494 3042 ad
510 2971 637 3041 tenuia
655 2972 829 3042 intestina
852 2973 881 3042 si
907 2967 1129 3058 transferas,

130 3086 311 3186 intelliges
324 3085 430 3159 facile
441 3086 635 3186 quomodo
646 3086 802 3160 dilatatae
814 3087 982 3186 quaedam
993 3087 1128 3190 eorurn

130 3220 250 3300 partes
265 3229 303 3277 se
318 3206 464 3303 possint
488 3204 577 3276 illue
606 3206 773 3278 attollere
795 3204 864 3276 ubi
890 3231 969 3277 non
996 3207 1154 3306 erantj„

133 3334 165 3392 et
182 3347 244 3394 eas
264 3347 347 3420 quae
364 3321 417 3393 ibi
438 3337 564 3410 erant,
580 3321 780 3395 detrudere
798 3337 833 3394 et
847 3322 917 3394 sibi
932 3321 1127 3418 subjicere.
1212 3357 1214 3360 ·

133 3438 321 3510 Huoadde
334 3463 462 3510 earum
473 3440 797 3538 quae'convulsivis
811 3439 861 3512 ob
877 3440 1027 3511 dolores
1040 3454 1132 3510 con-

133 3555 378 3628 tractionibus
393 3571 619 3654 torquentur
642 3573 794 3630 motus:
807 3558 861 3651 ¹ad
881 3555 1070 3654 ejusmodi
1082 3556 1131 3631 'in

135 3695 308 3747 mesaraeo
337 3676 631 3764 contractiones,
666 3674 804 3773 quibus
832 3657 1038 3772 'crispatam
1063 3697 1134 3752 an-

177 4048 219 4133 (t)
238 4053 333 4128 Epist.
353 4052 408 4124 di,
424 4073 453 4110 u.
465 4061 500 4127 '42
517 4041 520 4050 ’
