2740 4670
290 413 360 496 Δια
454 431 501 480 nr
527 427 672 480 scurrus
697 433 742 478 rr
766 429 891 478 ciuus
916 429 1127 478 noseorum

162 565 167 577 ·
289 560 366 621 tem
398 569 491 643 quas
517 545 788 632 indicavimus,
821 542 1153 616 observationibus
1181 542 1286 615 colie-

290 664 390 762 geris
406 661 620 759 hydaddes,
652 662 948 750 excrescentias,
974 660 1202 759 corpuscula
1225 685 1290 730 no-

290 779 351 860 bis
367 796 408 852 ut
428 781 635 879 plurimum
664 780 711 852 ad
738 781 912 878 superius
936 781 1039 852 testis
1065 795 1291 867 extremum,

291 913 404 996 atquc
420 897 515 970 adeo
526 922 645 996 prope
664 899 849 994 majorem
864 895 1292 996 epididymidisglobum

292 1016 517 1104 occurrisse,
544 1029 580 1090 et
608 1039 693 1087 cum
719 1017 760 1086 in
787 1030 949 1113 utroque
982 1029 1171 1088 exstarent
1200 1015 1299 1086 testi·

293 1133 381 1208 culo
396 1133 529 1230 sepius
546 1133 720 1208 eumdem
743 1129 947 1230 utrobique
962 1134 1088 1204 locum
1111 1133 1296 1219 tenuisse,

293 1252 518 1350 quinetiam
545 1252 580 1323 ei
609 1250 802 1340 adnatam‚
818 1265 884 1322 aut
914 1251 1043 1322 saltem
1066 1250 1299 1349 proximam,

293 1384 478 1466 quantum
517 1368 718 1446 delineatio
755 1368 906 1440 videtur
940 1368 1160 1456 ostendere,
1195 1367 1298 1438 ittam

292 1486 511 1584 hydatidem
525 1485 638 1561 firisse
659 1511 773 1583 quam
789 1488 893 1563 testis
913 1484 1075 1584 figuram
1104 1500 1140 1556 et
1155 1485 1300 1582 magni·

291 1605 463 1678 tudinem
496 1604 721 1680 referentem
755 1629 867 1702 supra
901 1603 960 1703 (ι)
988 1583 1299 1676 memoravimus:

293 1750 375 1823 qun
393 1749 454 1796 res
474 1749 555 1801 non
574 1707 730 1822 'Prorsus
755 1717 919 1822 indigne
937 1738 1025 1796 sunt
1043 1719 1198 1794 fortasse
1221 1745 1299 1819 qua

292 1842 664 1930 animadvertantur,
679 1855 717 1914 et
740 1865 905 1938 quorum
930 1865 1050 1912 causae
1068 1837 1231 1912 forsitan
1261 1863 1300 1910 ex

293 1963 473 2061 propiore
488 1962 800 2058 spermaticorum
814 1983 988 2032 vasorum
1003 1956 1172 2030 fasciculi
1180 1957 1298 2030 inser·

293 2080 398 2151 tione
418 2073 698 2176 perquirantur.
716 2081 860 2151 Verum
879 2092 916 2150 te
933 2077 1025 2148 illud
1045 2075 1162 2174 magis
1179 2099 1227 2146 ex
1247 2097 1300 2144 me

295 2197 537 2296 quaesitrrrum
578 2211 692 2294 puto,
727 2221 821 2268 num
850 2196 965 2293 igitur
993 2215 1205 2291 nusquam,
1235 2191 1300 2264 nisi

296 2313 616 2411 interraginalem
634 2314 821 2402 tunicam,
844 2328 885 2386 ct
903 2311 1144 2410 albugincam
1169 2309 1302 2408 hydro-

296 2432 414 2509 celem
438 2429 677 2512 offenderim..
705 2436 786 2530 Ego
807 2445 903 2502 ‘vero
927 2445 974 2534 ¹ut
998 2429 1114 2502 semel
1145 2427 1300 2498 viderim

295 2553 336 2632 in
356 2551 461 2648 ipsa,
489 2565 532 2624 ut
564 2549 751 2639 arbitror,
775 2547 999 2647 albuginea,
1032 2547 1220 2618 continuo
1252 2569 1302 2615 ex·

297 2664 451 2770 ponam.

347 2787 404 2860 31.
430 2787 559 2872 Senis,
584 2787 652 2883 qui
670 2784 720 2859 ab
736 2781 996 2870 altocadens,
1021 2773 1159 2854 maitio
1181 2801 1300 2852 mense

299 2904 576 3004 anni1706,ex
595 2904 729 3001 capitis
741 2903 819 2976 ictu
838 2915 1014 2976 mortuus
1027 2915 1105 2987 est,
1123 2899 1300 2996 reliquam

297 3023 513 3109 historiam,
527 3045 613 3100 cum
633 3019 680 3099 de
700 3021 749 3096 iis
758 3018 1034 3116 ictibusagam‚
1054 3015 1113 3114 (a)
1128 3014 1300 3088 habebis:

300 3139 361 3220 hic
380 3165 422 3219 ea
437 3154 582 3220 tautum
599 3161 682 3234 quae
695 3135 743 3214 ad
760 3134 933 3212 herniam
944 3131 1300 3231 attinentduplicem

242 3256 244 3262 ’
301 3282 373 3356 qua
395 3259 435 3328 in
454 3257 610 3333 dextero
629 3253 896 3334 tantummodo
920 3268 1046 3326 scroto
1064 3251 1300 3326 laboraverat.

302 3379 528 3461 omentum,
547 3372 651 3470 quod
669 3374 707 3442 in
727 3373 811 3470 ipso
829 3386 961 3462 ventre
977 3385 1057 3444 erat
1071 3369 1300 3443 dextrorsum

300 3507 527 3578 retractum,
554 3515 599 3560 ex
621 3515 666 3562 eo
688 3488 943 3562 descendebat
968 3489 1008 3558 in
1033 3486 1221 3560 sacculum
1241 3481 1303 3578 qui

302 3609 348 3682 ad
379 3611 476 3680 latus
505 3605 670 3682 fasciculi
689 3609 1002 3706 spermaticorum
1030 3625 1205 3677 rasorum
1229 3621 1303 3670 nou

343 3889 385 3973 (ι)
407 3893 445 3949 Ν.
469 3892 495 3948 3.

341 3993 387 4076 (a)
407 3992 502 4074 Epist.
519 3989 573 4063 52,
586 4009 618 4046 n.
631 3990 661 4055 8,
