2740 4670
163 489 168 496 ,
263 393 334 492 344
425 425 471 472 nr
497 419 643 474 snntaus
669 419 712 472 tr
738 424 862 474 causis
887 412 1097 476 itoaaoautt

195 541 198 565 ¹
263 521 311 612 ta*
329 540 584 648 controversia
614 537 661 610 ab
690 541 863 626 nemine,
893 541 949 612 uti
976 542 1114 612 certior
1137 559 1251 640 postea

265 655 384 728 factus
401 682 504 746 sum,
523 673 608 728 ante
628 683 688 729 me
710 654 822 729 fuisse
849 659 1187 756 commemoratas).
1213 665 1252 730 ln

266 789 428 871 utroque
446 776 551 880 enim
580 775 729 846 illorum
755 799 853 873 aegro
874 775 980 873 signa
1003 793 1255 874 praecesserant

267 893 369 962 renis
385 892 537 964 alterius
554 893 647 980 laesi3
667 893 918 989 aderantque,
939 895 1034 966 utin
1053 910 1200 982 nostro,
1225 909 1256 968 et

266 1012 367 1080 lenta
387 1005 502 1082 febris
522 1025 558 1080 et
575 1012 719 1084 macies.
744 1010 801 1081 Ab
822 1024 984 1108 utroque
1002 1014 1120 1084 urinae
1137 1013 1256 1084 redde·

265 1127 406 1201 bantur
432 1151 591 1224 quarum
616 1123 866 1200 setlimentum
898 1150 976 1200 non
1007 1127 1162 1218 foetens,
1189 1156 1256 1201 non

268 1244 471 1332 riscidum‚
492 1245 557 1316 sed
582 1246 784 1326 modorum
801 1245 1039 1334 etlluidum,
1065 1248 1122 1319 lac
1144 1248 1257 1346 ipsum
1302 1309 1308 1320 ,

268 1361 462 1452 referebat.
485 1368 566 1434 Hoc
584 1389 662 1435 esse
675 1388 747 1461 pus
759 1364 806 1434 ab
821 1363 976 1436 renibus
991 1364 1183 1451 defluens,
1199 1389 1260 1436 me·

269 1480 376 1552 dicus
396 1481 457 1552 ille
477 1496 635 1579 uterque
651 1481 872 1554 affirmabat.
889 1482 1105 1580 Negabant,
1120 1485 1160 1554 in
1177 1485 1260 1580 epis·

268 1623 367 1696 eopo
381 1603 585 1698 praesertim
600 1655 610 1687 ‚
631 1601 702 1671 alii.
722 1601 903 1672 Dissentio
914 1617 1077 1690 autem,
1110 1603 1209 1674 renis
1225 1601 1260 1670 il-

269 1717 341 1790 lius
353 1718 597 1790 substantiam
611 1733 673 1788 aut
686 1717 922 1816 absumptam
934 1734 998 1790 aut
1008 1718 1185 1790 abscessu
1194 1743 1262 1816 per-

268 1834 425 1908 foratam
443 1836 647 1908 ostendens
657 1889 668 1923 ‚
685 1859 756 1934 pro
767 1833 1043 1908 affirmantibus
1055 1837 1167 1924 stetit.
1183 1837 1261 1926 Qua
1354 1897 1355 1900 ,

269 1956 338 2027 etsi
360 1956 672 2026 commemoranti
691 1955 848 2024 similior
865 1952 1035 2026 dicebam
1051 1977 1169 2050 quam
1189 1977 1261 2051 pro·
1356 2031 1357 2038 χ

268 2073 485 2158 nuncianti‚
519 2073 588 2142 etsi
617 2071 753 2166 judicii
781 2068 1039 2142 difficultatem
1065 2072 1103 2140 in
1137 2069 1261 2142 abditis

269 2188 491 2260 morborum
512 2184 662 2264 sedihds
686 2205 863 2260 naturave
883 2188 1088 2260 statuendis
1107 2189 1263 2260 inculca·
1359 2222 1360 2248 z

270 2305 377 2392 bam,
395 2330 466 2378 nec
481 2332 540 2378 me
556 2307 639 2404 plus
657 2331 787 2404 sapere
800 2331 912 2403 quam
926 2319 983 2378 tot
1000 2305 1062 2376 alii
1079 2307 1147 2402 qui
1168 2329 1264 2403 supe·
1360 2302 1361 2324 ¹

270 2423 436 2496 rioribus
452 2424 586 2496 diebus
603 2425 766 2498 consulti
786 2422 951 2511 fuerant,
977 2420 1202 2520 profitebar;
1220 2440 1264 2495 ta·

268 2562 358 2614 men
373 2567 418 2613 ex
436 2541 627 2614 nobilibus
647 2559 683 2614 et
700 2542 841 2630 doctis,
864 2542 929 2639 qui
958 2567 1036 2612 non
1056 2542 1169 2639 pauci
1188 2541 1264 2612 ade·

269 2674 375 2748 rant,
398 2661 506 2749 viris,
535 2662 699 2747 nemini,
733 2676 774 2732 ut
793 2659 888 2747 dixi,
917 2684 1030 2756 quam
1058 2660 1098 2728 in
1127 2675 1263 2759 partem

268 2801 374 2850 meus
390 2779 646 2876 propenderet
658 2780 822 2866 animus,
839 2777 1031 2848 occultum
1048 2774 1128 2848 fuit.
1141 2781 1263 2875 Neque

268 2897 409 2966 mortui
431 2911 516 2992 post
541 2895 696 2993 aliquod
718 2911 864 2994 tempus
891 2890 1073 2992 refragata
1097 2893 1263 2966 dissectio

269 3027 345 3101 est,
362 3037 431 3110 per
449 3037 586 3110 quam,
617 3014 763 3083 tametsi
779 3009 848 3082 fuit
876 3012 922 3084 ab
950 3010 1110 3110 ignobili
1127 3012 1264 3083 chirur-

267 3131 439 3226 godam
464 3129 743 3228 propemodum
769 3131 958 3216 instituta,
983 3130 1035 3200 sic
1060 3129 1147 3201 satis
1166 3143 1263 3228 posta

268 3247 425 3348 modum
441 3248 610 3318 auditum
628 3261 704 3336 est,
721 3272 851 3318 renem
867 3244 991 3318 affecti
1013 3245 1140 3316 lateris
1165 3249 1264 3318 semi·

268 3379 418 3462 putrem
445 3367 641 3468 inventum
671 3390 768 3452 esse,
794 3381 830 3436 et
858 3364 906 3436 ad
930 3364 1103 3460 exiguam
1131 3363 1262 3434 molem

267 3481 473 3552 redactum.
496 3482 608 3576 Quod
623 3485 691 3555 etsi
708 3501 842 3554 eorum
858 3479 1006 3554 silentio
1021 3477 1189 3578 q'uorum
1210 3481 1263 3548 in-

268 3615 405 3671 tererat
433 3601 539 3672 aliter
568 3602 690 3690 credi,
718 3597 1007 3698 comprobatum
1035 3611 1110 3684 est3
1142 3612 1261 3668 tamen

266 3719 444 3816 quiainec
459 3720 537 3816 ipse
554 3713 653 3806 vidi,
669 3743 740 3789 nec
761 3701 933 3788 meorum
960 3715 1161 3812 quisquam
1190 3735 1260 3786 sec·

266 3830 567 3924 tioniinterfuit‚
585 3860 664 3906 non
680 3811 799 3909 visum
822 3852 876 3908 est
893 3835 955 3906 hie
974 3857 1044 3930 pro
1065 3847 1169 3904 certo
1188 3851 1259 3904 esse
1282 3829 1285 3838 '

254 3953 495 4054 ‚ponendum
880 3975 888 4004 1
931 4047 934 4056 Ι
