2814 4674
147 429 150 432 ¹
204 465 269 514 ma.
288 466 343 514 ιιι.
373 469 421 514 na
443 467 582 514 troarne
599 466 768 534 vaurms,
793 461 906 514 rrtsr.
933 468 1055 514 xxxix.
1110 443 1160 520 53

157 576 1159 678 conspiciebasQuaemerescontinuoadmonuitquid
1245 565 1247 570 ¹

159 709 282 765 tumor
300 711 397 768 esset
416 724 423 765 :
444 695 559 794 idque
582 711 619 768 et
642 719 724 766 mea
750 695 932 793 primum,
954 695 1092 768 deinde
1120 711 1158 770 et

159 807 323 884 omnium
333 814 517 913 inspectio
532 811 778 884 confirmavit.
798 812 945 884 Scilicet
962 812 1080 884 ileum
1095 828 1156 885 to-

158 943 230 1000 tum
244 931 467 1002 intestinum
476 945 512 1002 et
522 931 643 1028 jejuni
654 931 816 1030 proximi
826 955 913 1028 pars
923 929 1067 1027 aliqua,
1082 932 1160 1032 suis

155 1046 290 1120 relictis
307 1069 389 1146 quae
405 1035 503 1119 infra
516 1047 735 1120 umbilicum
758 1061 863 1135 sunt,
885 1045 1057 1136 sedibus,
1077 1072 1159 1120 sur·

154 1185 232 1234 sum
249 1179 411 1236 retracta
431 1180 467 1237 et
482 1181 718 1254 ooarcevata,
736 1179 773 1236 et
790 1166 888 1235 inter
901 1187 938 1235 se
951 1165 1159 1264 arctissime

153 1283 355 1378 conjuncta
374 1305 551 1380 magnum
564 1281 671 1355 illum
691 1298 727 1354 et
744 1283 1026 1381 prominentem
1040 1297 1158 1354 tumo-

155 1423 229 1470 rem
249 1383 373 1498 per'se
390 1397 571 1488 fecerant,
595 1401 697 1488 nulla
720 1391 891 1472 omnino
908 1398 1034 1471 addita
1053 1423 1158 1472 scro-

154 1515 332 1614 phulosa,
353 1534 418 1590 aut
434 1517 645 1605 skirrhosa,
663 1533 727 1590 aut
741 1541 920 1591 cancroso
939 1517 1158 1590 substantia.
1237 1511 1239 1518 ’

151 1637 241 1706 Nam
257 1635 469 1735 superficiei
483 1637 717 1735 inaequalitas
737 1636 785 1708 ab
807 1637 897 1734 ipsis
914 1651 993 1708 erat
1013 1635 1156 1710 crebris

151 1752 415 1824 intestinorum
426 1737 605 1844 llexibus,
622 1769 659 1826 et
671 1751 846 1852 inaequali
859 1753 985 1851 positu
995 1777 1037 1822 ac
1048 1777 1155 1826 cons·

150 1871 343 1958 trictione,
357 1886 410 1948 ,ut
432 1870 494 1942 hic
515 1872 649 1970 magis,
670 1871 748 1942 illic
775 1871 901 1942 minus
927 1869 1154 1970 protubera-

148 2003 256 2059 rent:
275 1988 381 2060 color
398 2003 522 2060 autern
542 1991 731 2088 nigricans
756 1986 876 2060 ferme.
898 1986 1040 2086 ubique
1055 2012 1154 2060 nou·

149 2105 258 2178 nullis
272 2105 447 2178 videlicet
462 2097 667 2202 interjectis
689 2105 900 2178 minoribus
920 2106 1047 2204 spatiis
1067 2131 1151 2205 quae

148 2222 270 2295 adhuc
304 2222 514 2312 rubebant,
542 2209 806 2296 inte'stinorum
845 2222 1151 2316 inflammationi,

147 2365 281 2440 magna
290 2319 376 2437 'jam
394 2365 439 2411 ex
462 2349 568 2438 parte
581 2343 620 2410 in
637 2331 872 2442 gangrenam
886 2339 1151 2437 degeneranti,

146 2454 443 2529 manifestissime
453 2456 673 2559 debebatur,
686 2483 732 2529 eo
743 2459 922 2528 nimirum
938 2457 1150 2554 intercepto

146 2575 298 2649 demum
320 2576 359 2646 in
377 2590 572 2674 portarum
586 2598 720 2646 venam
736 2575 928 2673 sanguinis
947 2573 1070 2646 reditu
1081 2627 1091 2662 ,
1102 2573 1149 2647 de

144 2695 247 2791 cujus
262 2692 515 2765 retardatione
528 2716 641 2798 supra
665 2692 718 2790 (1)
738 2717 758 2764 a
778 2691 888 2764 nobis
905 2691 1049 2762 dictum
1072 2705 1147 2762 est:

143 2835 372 2910 gangrenam
385 2809 550 2908 denique
561 2809 805 2908 sequebatur,
823 2825 866 2880 ut
885 2809 998 2894 solet,
1018 2805 1148 2880 odoris

140 2926 296 3001 loeditas.
314 2933 428 3000 Erant
443 2928 617 2999 intestina
634 2923 715 3025 quae
734 2942 922 2998 tumorem
941 2922 1148 3016 faciehant,

139 3047 250 3144 plena
265 3044 544 3145 propemodum
561 3045 741 3134 materiae,
756 3042 876 3142 qualis
890 3045 929 3112 iu
948 3043 1080 3114 crassis
1090 3057 1147 3115 est

139 3161 282 3238 stercus
304 3187 384 3234 non
403 3161 510 3234 valde
528 3162 662 3250 molle,
683 3176 866 3260 quantum
881 3163 975 3248 ,uno'
989 3159 1144 3234 illorum

137 3297 267 3380 postea
280 3279 441 3354 dissecto
461 3279 726 3378 cognovimus3
740 3293 782 3349 ut
800 3275 954 3349 evidens
964 3291 1075 3364 esset,
1086 3301 1144 3347 re·

90 3422 92 3431 ·
137 3413 309 3469 morante
322 3397 475 3470 materia
490 3422 571 3496 quae
584 3398 623 3466 in
638 3419 760 3493 crassa
782 3396 856 3466 cito
875 3393 969 3468 solet
988 3393 1142 3465 descen·

138 3515 246 3605 dere,
262 3529 300 3586 et
312 3513 465 3587 flatibus
475 3513 627 3599 additis,
648 3513 813 3613 potuisse
829 3509 1083 3601 tumoremsio
1094 3508 1141 3580 ad

136 3647 276 3706 tactum
296 3633 429 3720 reniti,
448 3646 490 3730 ut
508 3633 548 3702 in
566 3632 714 3706 vivente
738 3651 1038 3732 perceperamus.
1064 3625 1142 3697 Etsi

169 4015 269 4099 ιιι.
293 4019 344 4076 2³·
388 3949 393 3955 ¹
