2746 4674
291 483 357 559 138
439 508 485 557 nn
513 499 661 556 sautans
687 505 732 554 nr
758 502 883 552 oausts
909 499 1117 554 monacnum

285 623 370 696 dius
387 624 425 693 in
446 619 640 694 nonnullis
662 642 772 692 renes
797 617 929 706 ambo,
960 635 1179 691 aureorum
1201 619 1300 690 alter

280 739 491 862 puellarem
509 739 611 810 illam
626 737 915 835 inaequalitatem
927 739 1158 823 amitterent3
1172 758 1217 808 ex
1228 759 1298 808 cae·

283 860 373 930 teris
398 879 491 954 quas
511 876 615 927 nunc
634 853 788 952 quidem
808 856 1043 926 meminerim
1060 879 1080 924 a
1101 877 1162 925 me
1181 855 1302 926 lectas

283 969 1301 1071 esse,observationibusquatuorhaudamplius‚sunt2

281 1089 460 1191 Ruyschii
475 1115 567 1179 una,
582 1091 768 1163 Petruccii
781 1089 895 1162 altera
906 1143 916 1180 ,
927 1090 1153 1170 Manchartli
1163 1093 1299 1178 tertia,

281 1211 416 1282 Trcwii
431 1211 573 1282 ultima.
590 1213 636 1280 Et
650 1233 696 1279 ex
706 1207 853 1281 duabus
866 1208 1018 1307 quidem
1034 1209 1182 1306 primis,
1195 1208 1226 1278 si
1238 1207 1302 1280 atl-

281 1331 411 1426 juncta
424 1327 593 1426 quaedam
608 1325 862 1415 attendamus,
874 1328 992 1398 urinae
1001 1327 1100 1398 vitiis
1109 1325 1303 1400 laborasse

284 1445 370 1517 illos
394 1445 657 1542 conjiciemus,
678 1445 718 1514 in
744 1443 883 1540 qulbus
908 1441 1094 1540 ejusmodi
1110 1463 1226 1516 renes
1242 1446 1302 1514 in-

283 1563 387 1664 venti
397 1576 494 1634 sunt.
505 1566 600 1634 Nam
613 1559 825 1660 lluyschius
839 1560 942 1646 olim,
956 1562 1172 1659 priusquam
1191 1579 1303 1634 casus

284 1680 369 1752 illos
379 1679 475 1752 duos
489 1693 722 1778 proponeret
737 1681 803 1776 qui
821 1677 931 1750 nobis
943 1678 1023 1780 paec
1036 1677 1302 1777 perpendendi

213 1801 215 1813 '
285 1799 525 1869 occasionem
541 1796 747 1883 dederunt,
763 1819 850 1866 cum
866 1795 1035 1868 eamdem
1048 1797 1087 1866 in
1097 1793 1238 1880 adulto
1250 1819 1303 1867 re·

285 1918 345 1988 nis
373 1927 598 1987 structuram
625 1910 860 2000 offendisset,
894 1931 1110 2012 quanquam
1130 1911 1231 1986 nihil
1256 1913 1300 1984 de
1366 1987 1367 1996 χ

286 2034 365 2128 ejus
382 2031 525 2102 morbis
543 2033 680 2130 attigit,
700 2033 880 2102 tamenin
899 2033 1000 2102 renis
1010 2030 1111 2102 illius
1130 2029 1300 2102 delinea-

286 2134 687 2246 tione'(t)supremum
698 2151 857 2222 uretcris
869 2163 1033 2221 tractum
1045 2147 1220 2222 latiorem
1236 2170 1298 2218 no·
1366 2167 1367 2244 t

286 2266 345 2340 bis
359 2267 574 2354 delineavit,
598 2284 711 2365 quam
730 2283 798 2366 per
817 2291 855 2339 se
872 2289 951 2340 esse
969 2268 1009 2337 in
1032 2267 1077 2338 iis
1092 2265 1208 2354 solet,
1237 2265 1299 2364 qui
1366 2253 1367 2274 ²

287 2409 416 2456 earum
438 2385 601 2483 partium
621 2385 766 2457 morbis
778 2383 900 2456 allecti
919 2382 1297 2490 fueruqqnunquatn.

286 2503 503 2574 Petruccius
515 2518 640 2574 autem
659 2527 745 2575 cum
763 2502 950 2601 spicilegii
965 2502 1023 2574 sui
1037 2499 1091 2599 (a)
1101 2500 1234 2574 tabula
1248 2505 1299 2587 ll,

286 2645 397 2692 renes
412 2623 540 2718 pingat
553 2635 805 2707 monstrosos,
822 2619 861 2691 id
873 2634 928 2692 est
940 2640 992 2692 eoe
995 2615 1175 2720 plurimis
1188 2619 1299 2716 glan-

287 2737 386 2810 dulis
405 2736 691 2834 conglomeratis
708 2753 919 2810 constantes
938 2737 994 2809 ad
1011 2744 1130 2810 instar
1141 2759 1300 2836 concep·

290 2855 407 2928 taculi
422 2879 596 2943 ovorum,
610 2856 749 2955 pelvim
765 2856 906 2928 dexteri
922 2879 1032 2956 aequo
1047 2855 1164 2953 magis
1182 2857 1299 2946 latum

288 2990 399 3072 atque
420 2988 644 3063 exstantem,
662 2989 850 3046 ureterem
866 2990 991 3045 autem
1011 2974 1151 3049 sinistri
1164 2977 1301 3046 crassi·

289 3096 357 3179 tie,
374 3105 411 3160 et
425 3090 692 3188 amplitudine,
711 3105 753 3163 ut
778 3093 858 3190 ipse
882 3092 1069 3189 loquitur,
1086 3109 1299 3163 monstruo-

288 3231 368 3282 sum
386 3221 637 3305 repraesentat.
665 3213 708 3279 In
733 3208 957 3280 Mouchartii
980 3223 1104 3280 autem
1122 3207 1299 3282 observa·

289 3325 392 3396 tione
404 3325 459 3420 (3)
477 3325 695 3421 conjectura
708 3331 805 3424 op'us
820 3351 899 3397 non
915 3339 988 3414 est,
1000 3339 1040 3397 ut
1053 3347 1299 3422 assequamur

290 3465 440 3531 senem,
471 3445 531 3514 cui
548 3469 654 3516 renes
671 3451 845 3533 maximi,
870 3443 1001 3528 habult
1026 3459 1064 3516 ec
1091 3442 1297 3540 inaequales

290 3573 416 3647 crant,
440 3538 631 3666 pluribus,
660 3587 731 3634 nec
754 3563 922 3652 levibus,
940 3564 1056 3634 urinae
1076 3577 1113 3634 et
1133 3564 1296 3661 partium

330 3858 374 3935 (1)
395 3859 468 3916 Obs.
482 3869 560 3914 anat.
578 3853 651 3914 chir.
667 3859 724 3930 80,
742 3859 790 3936 fig.
807 3860 856 3928 64.

330 3957 374 4033 (a)
394 3959 438 4014 De
456 3969 560 4014 struet.
575 3951 825 4032 capsular.'renal.

332 4053 374 4138 (3)
397 4059 472 4136 Eph.
489 4057 527 4116 N.
542 4059 574 4115 C.
595 4067 672 4115 cent.
688 4057 721 4131 8,
738 4057 802 4116 obs.
818 4056 866 4115 26.
