2726 4676
305 441 372 512 272
468 440 513 486 DE
541 438 686 486 sumnus
712 439 756 484 ET
781 433 905 484 ctosts
930 437 1140 485 MORBORUM

301 551 383 622 bito
393 575 507 648 quam
518 549 639 622 ferreo
653 549 718 620 filo
731 549 1015 648 taevigatissimo,
1027 553 1135 647 cujus
1147 550 1293 623 alterum

303 683 511 739 extremum
539 668 591 737 sic
620 667 658 734 in
689 667 812 763 exigui
838 667 948 754 unci,
973 681 1010 737 et
1044 693 1142 764 pene
1174 667 1292 739 annuli

302 785 459 856 modum
476 786 753 898 incurvaverat,
779 798 821 854 ut
851 807 974 880 neque
994 783 1133 857 laedere
1145 786 1293 856 vesicam

302 917 340 974 et
360 925 492 998 capere
513 925 621 972 acum
641 915 784 999 posset,
815 915 929 998 captae
946 916 1071 972 autern
1091 901 1189 973 elabi
1206 902 1293 998 capi-

300 1018 425 1088 tulum
453 1042 532 1088 non
566 1019 715 1088 sineret.
744 1016 858 1107 Quod
884 1019 914 1088 si
945 1043 1005 1090 res
1023 1019 1145 1090 multo
1169 1019 1295 1103 serius,

303 1134 518 1231 adnatoque
529 1136 606 1230 jam
622 1135 767 1204 calculo
786 1135 1014 1220 innotescat,
1031 1159 1156 1232 neque
1171 1137 1202 1206 is
1217 1135 1295 1230 ejus

302 1251 408 1322 modi
428 1253 492 1340 sit,
512 1267 554 1323 ut
569 1250 674 1322 sacile
690 1250 784 1322 adeo
805 1275 874 1348 per
891 1251 1085 1322 urethram
1098 1253 1216 1350 possit
1232 1251 1294 1322 exi-

302 1371 376 1454 mi,
396 1367 588 1465 oportebit
608 1383 809 1464 antequam
832 1367 970 1438 femina
989 1368 1217 1440 cruciatibus
1234 1365 1295 1439 dif-

304 1482 473 1555 ficilioris
486 1485 725 1555 extractionis
743 1483 984 1579 subjiciatur,
1004 1484 1163 1556 solerter
1185 1483 1293 1581 inqui-

303 1627 387 1674 rere
407 1627 499 1673 num
516 1599 613 1672 forte
629 1627 707 1672 non
727 1603 848 1672 vesica
868 1601 1001 1690 modo,
1017 1601 1057 1671 id
1071 1601 1178 1699 quod
1191 1602 1293 1698 suspi-

304 1720 381 1790 cari
397 1717 576 1790 omnibus
594 1719 761 1816 proclive
781 1733 857 1807 est,
880 1718 944 1790 sed
966 1735 1133 1790 ureteres
1155 1743 1292 1816 quoque

304 1852 341 1908 et
359 1837 430 1934 ipsi
451 1837 656 1932 praesertim
672 1859 802 1924 renes,
822 1861 904 1932 quae
924 1840 1087 1934 suspicio
1109 1861 1156 1908 ex
1171 1837 1292 1908 nostris

307 1955 427 2025 oritur
442 1952 750 2041 dissertionibus,
767 1969 913 2024 tantum
927 1955 1005 2050 jam
1016 1955 1105 2024 mali
1119 1969 1294 2025 contrane

304 2072 381 2140 rint
392 2052 455 2156 ,ut
466 2069 525 2139 vel
539 2094 608 2140 acu
621 2084 657 2140 et
668 2069 812 2140 calculo
824 2071 1019 2158 detractis,
1036 2071 1188 2143 mulieri
1200 2068 1294 2139 nihil·

306 2188 458 2257 ominus
476 2187 717 2258 moriendum
729 2189 786 2259 sit.
803 2189 1162 2284 Conjecturaautem
1175 2209 1294 2259 renum

306 2305 402 2375 male
430 2301 654 2376 affectorum
681 2306 839 2377 ducetur
858 2321 1030 2376 nontam
1050 2330 1071 2374 a
1088 2305 1293 2376 lumborum

306 2421 527 2518 doloribus(
540 2447 636 2520 quos
653 2422 782 2494 abesse
800 2447 908 2520 posse
927 2421 1177 2518 vidimus(1),
1193 2420 1293 2492 autsi-

307 2539 384 2610 cuti
398 2539 436 2609 in
455 2541 649 2637 proposita
666 2540 790 2637 puella
805 2539 863 2635 (a)
878 2537 1033 2612 fortasse
1047 2539 1256 2624 accidebat,
1278 2559 1294 2604 a

305 2655 426 2728 multo
450 2655 664 2728 saevioribus
687 2659 818 2728 vesicae
845 2657 1072 2728 cruciatibus
1100 2655 1293 2728 secundun

305 2775 545 2873 Hippocratis
557 2774 815 2872 aphorismum
833 2776 888 2874 (3)
899 2775 1119 2872 obscurari)
1137 2772 1293 2872 quamab

302 2893 404 2981 lotii,
425 2918 506 2990 quae
521 2891 634 2991 longa
648 2893 837 2965 interdum
847 2917 916 2964 nec
932 2893 1046 2964 semel
1063 2893 1294 2990 praecesserit,

303 3012 344 3080 in
354 3013 476 3081 vesica
490 3011 755 3108 suppressione
770 3026 835 3081 aut
845 3010 1035 3081 crebriore
1047 3011 1093 3080 ad
1104 3013 1294 3082 acerrimos

306 3129 457 3198 dolores
475 3127 648 3199 vitandos
663 3129 873 3200 retentione
889 3143 953 3199 aut
966 3130 1099 3225 exigua
1119 3129 1231 3198 nimis
1248 3151 1296 3196 ex·

307 3246 548 3332 cretione,in
574 3269 648 3340 qua
676 3245 892 3316 aestimanda
916 3245 1125 3315 cavendum
1149 3260 1221 3329 est,
1239 3267 1294 3312 ne·

306 3361 460 3458 quando
478 3360 628 3432 assiduo
647 3363 764 3431 urinae
778 3361 966 3432 stillicidio
977 3361 1221 3460 decipiamur,
1233 3384 1294 3430 me·

304 3503 453 3565 mores,
474 3459 568 3548 ¹cum
604 3478 678 3548 hoc
704 3481 955 3550 retentionem
988 3504 1097 3576 posse
1128 3475 1293 3574 conjungi

347 3778 388 3858 (ι)
411 3784 524 3854 Supra,
544 3800 574 3834 ιι.
591 3793 650 3837 aet
665 3801 740 3857 seq,
761 3794 789 3840 et
801 3801 832 3837 n.
848 3749 925 3838 rdet
936 3800 998 3857 seq.

343 3878 353 3958 (
375 3881 386 3955 )
407 3883 444 3935 N.
468 3899 516 3933 ιο.

356 3899 372 3934 a

342 3980 387 4055 (3)
410 3980 446 4044 46
462 3989 532 4033 sect.
551 3997 577 4033 2.
