2790 4668
109 443 173 490 nn.
200 443 256 490 ιιι.
284 443 331 488 nn
356 439 682 502 mammaeam,
709 440 819 486 nrrsr.
847 421 950 486 xnn'.
979 423 1064 512 429„

61 554 259 627 callositate
272 559 471 653 parietum.
493 555 563 623 Vix
575 553 613 622 in
625 577 699 643 una
714 551 978 624 observatione
993 555 1050 650 (1)
1091 615 1093 624 ,

63 671 201 744 tumidae
218 687 256 756 et
281 670 481 756 sfir'rrlmsce
507 667 700 766 glandulae
724 671 883 745 inventae
906 695 1051 744 memo-

62 805 178 874 rantur
193 817 206 876 ¹3
229 787 293 859 sed
318 812 396 866 non
421 788 461 862 in
490 787 652 858 testiculi
686 785 922 858 substantia:
957 812 1049 864 num

64 931 141 1000 ergo
159 906 197 980 in
216 907 296 1001 ejus
317 901 517 1002 superficie
532 903 547 974 i
564 927 612 974 an
632 900 866 980 infuniculo
888 929 1061 1002 sperma,

64 1023 128 1092 tico
142 1022 156 1092 i
172 1047 261 1104 nam
271 1023 312 1098 in
324 1021 398 1094 hoc
413 1046 567 1118 quoque
583 1022 808 1097 sarcocelem
822 1039 1032 1120 agnoscunt
1042 1077 1061 1112 ,,

64 1153 93 1209 et
103 1140 249 1222 minime
262 1141 471 1237 attingunt,
490 1141 520 1214 si
536 1153 706 1210 ventrem
723 1137 853 1230 subiit3
873 1139 976 1210 velut
989 1139 1058 1216 illa.

64 1281 198 1352 quama
209 1257 380 1338 Valsaiva
396 1271 635 1354 conspectam
648 1255 829 1353 deseripsi
842 1257 895 1350 (α)
905 1259 944 1328 in
958 1273 1060 1336 teste,

63 1373 310 1471 incipientem,
332 1388 368 1458 et
379 1372 473 1452 duri¹
484 1375 601 1465 instar
615 1373 757 1446 tuberis
770 1375 877 1470 quasi
891 1370 1051 1471 glandu-

64 1490 283 1576 losaenaturae
295 1491 384 1564 illuc
398 1491 663 1570 ascendentem
679 1473 838 1560 uhicum
853 1491 962 1568 simili
978 1517 1053 1563 me·

66 1610 200 1692 senterii
214 1609 371 1680 immani
390 1623 539 1712 tumore
556 1607 865 1704 conjungebatur.
880 1608 951 1700 Sed
967 1633 1052 1686 ¹nea

64 1727 253 1813 sarcocele,
275 1715 369 1823 ipsis
382 1728 420 1799 iu
448 1723 606 1806 testibus
622 1725 775 1821 quaesita
796 1725 1045 1798 recedamus:

65 1846 229 1940 praclarae
246 1859 335 1936 sunt
350 1843 401 1914 ill.
419 1844 490 1913 viri
512 1844 669 1914 Heisteri
684 1847 696 1921 t
701 1841 742 1938 3)
760 1840 1050 1940 observationes.

66 1961 309 2059 Deprehendit
329 1960 390 2031 hic
409 1960 620 2046 testicuIOS,
639 1960 777 2056 ¹quales
800 1959 964 2032 delineat
992 1962 1061 2058 (4),

66 2095 230 2174 quatuor,
259 2103 301 2150 ea
323 2102 455 2161 ornnes
474 2077 753 2176 magnitudine,
780 2093 821 2156 ut
840 2079 974 2150 merito
992 2103 1049 2148 re·

67 2193 241 2294 darguerit
258 2193 309 2284 (5)
327 2196 394 2294 qui
415 2194 639 2276 sarcocelem
662 2218 770 2274 ovum
800 2192 1051 2290 gallinaceum

66 2337 241 2408 nunquam
268 2310 446 2386 excedere
463 2313 704 2409 scripserunt.
735 2315 875 2383 Omnes
897 2337 1052 2410 quoque

67 2430 193 2514 invenit
217 2428 451 2515 skirrhpsos‚
469 2443 505 2500 et
521 2428 653 2525 aequali
670 2427 883 2525 superficie,
911 2445 953 2500 ut
973 2455 1051 2501 non
1083 2421 1090 2500 i

68 2546 134 2616 sine
156 2572 264 2618 causa
288 2543 557 2642 affirmaverit(
584 2545 617 2641 )‚
642 2545 829 2626 testiculos
847 2546 1064 2620 skirrhosos.

68 2662 161 2761 longe
165 2668 443 2760 frequentiores
457 2687 532 2732 esse
549 2668 803 2744 excrescentir's
821 2688 841 2732 e
869 2662 1050 2738 testr'eulu.

67 2782 189 2852 Cetera
219 2780 321 2878 apud
330 2781 468 2877 ,ipsum
488 2778 656 2867 ¹videbis,
685 2794 721 2850 et
738 2781 776 2849 in
792 2778 850 2850 his
867 2805 984 2850 unum
1008 2807 1054 2858 ex

68 2896 105 2966 iis
123 2899 275 2986 testibus
293 2897 347 2995 (7)
364 2911 608 2994 *corruptm
639 2911 676 2966 et
702 2903 814 2993 quasi
836 2921 1054 2972 cancrorum

61 3015 174 3102 fuisse.
207 3021 356 3104 Interea
386 3013 433 3084 ad
455 3013 633 3096 ultimam
655 3038 700 3094 ex
726 3013 868 3096 herniis
899 3015 1063 3097 anobis¹

70 3134 282 3220 enumeratis
303 3133 504 3220 veniamus.
542 3159 544 3164 ’
