2790 4668
295 415 366 496 500
461 445 508 494 oa
532 445 679 494 seorsus
703 445 746 490 rr
772 443 896 492 causis
921 443 1131 492 nonnosum

292 559 423 630 circuli
438 557 715 658 propemodum
731 554 868 628 forma:
887 581 933 627 ex
949 581 1072 654 eoque
1084 556 1291 654 'pauxillum

292 677 485 776 sanguinis
520 675 620 748 exire
646 675 853 771 conspexi;
891 675 1110 771 nuperrime
1139 674 1291 778 enimin

292 793 496 866 menstruis
517 791 652 864 mulier
678 789 820 878 fuerat3
848 805 891 861 ut
913 792 943 862 si
962 791 1046 888 quis
1069 788 1169 861 forte
1192 789 1292 860 dubi·
1384 879 1385 890 ἵ

292 925 405 998 taret,
422 935 470 980 an
485 911 563 980 haec
579 933 623 980 ex
638 923 748 978 utero
767 907 973 1005 prodeant,
992 907 1202 1006 possetilia
1222 909 1293 978 ins·
1384 903 1385 990 ζ

292 1029 465 1128 pectione
486 1024 669 1096 convinci.
691 1025 770 1096 Sed.
780 1025 857 1119 jam
875 1045 958 1121 quae
976 1026 1016 1094 in
1041 1025 1208 1104 mortuis
1226 1025 1296 1102 ani·
1384 1071 1385 1080 η

292 1145 619 1229 madverterimus‚
638 1141 766 1214 bestiis
781 1143 963 1239 primum,
973 1140 1110 1214 deinde
1122 1157 1160 1214 et
1173 1142 1294 1212 mulie·

291 1263 415 1348 ribus,
431 1284 706 1361 proponamus;
717 1261 769 1332 sic
779 1261 880 1330 enim
891 1281 971 1330 non
984 1285 1005 1330 a
1018 1261 1099 1332 solo
1111 1261 1295 1358 pondere,

294 1380 359 1453 sed
374 1405 395 1450 a
410 1381 529 1452 causis
548 1379 659 1452 etiam
682 1377 763 1449 aliis
776 1401 861 1474 quae
879 1377 918 1446 in
938 1377 1164 1474 copporibus
1189 1391 1295 1475 agant
1385 1467 1386 1484 χ

294 1497 504 1570 secundum
516 1495 706 1566 finitorem
720 1493 956 1592 positis,haec
965 1495 1062 1566 mala
1074 1492 1181 1584 fieri,
1202 1519 1296 1592 pers·
1385 1485 1386 1500 ¹

294 1615 449 1712 picuum
480 1615 560 1686 erit.
586 1619 617 1684 A
639 1611 808 1683 Vaisalva
838 1626 963 1684 autem
997 1612 1112 1708 quod·
1131 1616 1293 1709 primum

295 1731 483 1820 scribam,
501 1731 592 1818 olim
612 1729 749 1827 accepi.

344 1849 376 1920 8.
399 1849 575 1921 Catellam
603 1861 857 1945 praegnantem
884 1873 970 1920 cum
999 1847 1220 1934 dissecant,
1244 1849 1296 1916 in·

293 1991 440 2042 versam
464 1963 623 2038 offendit
643 1963 840 2062 vaginam,
873 1967 1199 2072 conjunctumque
1223 1980 1295 2035 ute

294 2109 381 2156 rum
402 2082 606 2179 non-paulo
623 2105 738 2178 quam
753 2083 869 2154 soleat
880 2137 890 2170 ,
901 2085 1042 2181 vaginae
1054 2080 1201 2154 orificio
1213 2107 1295 2181 pro·
1386 2067 1387 2104 ³

295 2204 453 2298 piorem.
486 2203 607 2290 Quam
645 2187 742 2270 sedis
776 2200 875 2270 uteri
906 2202 1155 2271 mutationem
1189 2200 1299 2296 hujus

295 2342 449 2414 qnoque
467 2339 629 2402 cornua,
648 2331 685 2386 et
701 2317 905 2413 praesertim
926 2316 1123 2390 dexterum
1139 2371 1149 2405 ,
1165 2320 1207 2388 in
1224 2343 1313 2420 quo³

293 2449 370 2506 tres
385 2433 625 2518 erantcatuli‚
640 2429 923 2506 confirmabant.
934 2438 1067 2507 Secuta
1076 2435 1180 2506 enim
1197 2451 1300 2507 erant
1387 2459 1388 2472 ¹

294 2565 467 2639 uterum,
487 2575 610 2646 neque
629 2549 780 2622 modico
794 2552 913 2648 spatio
923 2554 1095 2650 vaginam
1111 2577 1252 2625 versus.

343 2694 377 2766 9.
408 2674 592 2754 Vaccaei,
620 2691 701 2764 quae
737 2668 876 2764 vaginae
909 2668 1103 2766 prolapsui
1136 2669 1300 2742 obnoxia

294 2790 434 2874 iuerat,
453 2784 502 2856 ob
521 2783 618 2857 hauc
635 2807 754 2881 ¹ipsam
770 2809 920 2864 causam
941 2786 1120 2858 dominus
1141 2789 1297 2860 mactari

295 2903 435 2989 voluit,
460 2926 546 2972 cum
571 2900 721 2999 gravida
749 2918 843 2974 esset
875 2927 1021 2975 menses
1044 2904 1122 3000 jam
1152 2907 1300 2976 circiter

295 3037 438 3120 septem
450 3073 460 3107 ,
472 3021 636 3106 veritus,
663 3045 711 3090 ne
728 3021 767 3090 in
785 3036 896 3116 partu
914 3035 1145 3109 moreretur,
1172 3023 1299 3121 sicque

296 3140 378 3233 ejus
395 3135 579 3210 viscerum
591 3189 605 3222 „
621 3151 658 3206 et
680 3139 851 3206 carnium
872 3139 1037 3234 pretium
1054 3138 1167 3210 vilius
1183 3137 1297 3212 fieret.

296 3255 478 3352 Vagioam
502 3278 588 3324 cum
613 3268 723 3324 utero
741 3269 893 3342 nectua,
911 3255 1011 3324 illam
1038 3256 1239 3328 inversam·
1257 3257 1298 3327 ad

297 3386 458 3444 tractum
475 3369 638 3466 aliquem
663 3371 789 3440 inveni
818 3397 891 3468 qua
913 3397 999 3442 cum
1017 3387 1186 3444 extrema
1209 3374 1298 3444 uteri

298 3487 443 3559 cervice
474 3509 642 3556 connexa
664 3502 729 3556 est.
756 3475 815 3556 Ibi
833 3512 923 3559 vero
947 3489 1079 3586 vagina
1109 3491 1297 3562 exulcera-

187 3590 193 3608 ’
297 3607 491 3676 tione'non
510 3601 670 3674 carebat.
696 3607 740 3675 In
763 3621 892 3691 utero,
920 3621 957 3676 et
989 3605 1100 3694 theto,
1118 3610 1295 3704 quoniam

297 3721 505 3794 secundum
527 3736 698 3789 naturam
718 3745 756 3792 se
776 3721 986 3811 habebant,
1009 3747 1092 3821 quae
1109 3723 1297 3812 adnotavi,

298 3839 373 3910 huc
388 3839 541 3908 minime
558 3837 726 3908 attinent.

353 3979 406 4025 io.
421 3953 492 4026 Sed
515 3954 623 4058 sicuti
642 3954 681 4024 in
709 3955 767 4026 his
786 3954 906 4028 brutis
930 3981 1014 4050 nou
1032 3943 1183 4054 poterat
1201 3933 1295 4030 inor·
