2810 4668
153 435 156 442 .
194 394 261 440 nm.
291 393 345 438 111.
374 367 909 457 nsnmtrsmnens‚m1sr.
938 395 1035 443 xcvi.
1065 371 1139 472 567·

114 506 616 604 Hippocratem(1)aucilla,
629 507 862 594 dicerentur,
875 531 939 580 eos
953 534 998 578 ex
1012 511 1136 582 vesica

115 630 270 721 potiuS,
295 625 404 720 cujus
427 649 448 696 a
474 625 627 697 calculis
651 641 787 696 vexatae
802 625 1007 722 peculiaria
1027 629 1138 699 simul

115 741 262 812 iudicia
280 767 360 813 non
377 758 585 832 exstarent,
604 767 718 840 quam
736 769 781 814 ex
796 745 924 832 utero,
940 745 1137 841 prodiisse.

177 859 367 930 16.1Porro
384 860 424 930 in
440 862 561 932 causis
575 862 752 950 internis,
764 865 860 934 uteri
873 886 917 934 os
933 862 1137 936 occluden-

115 976 224 1050 tibus
242 977 357 1072 hujus
370 979 590 1050 constrictio
602 993 673 1067 est,
689 993 727 1050 et
740 979 1033 1077 conglutinatio,
1047 1005 1141 1078 qua·

115 1119 208 1166 rum
230 1082 400 1193 esempla
420 1097 588 1169 invenies
609 1097 709 1166 iuter
735 1097 923 1194 producta
943 1123 963 1168 a
980 1098 1028 1168 cl.
1049 1097 1143 1170 Hal-f

121 1213 208 1285 lero
228 1209 306 1309 (a),
335 1212 473 1285 addere
497 1229 622 1286 autem
649 1194 793 1312 poteris
813 1215 901 1302 alia,
922 1231 965 1286 ut
980 1214 1146 1287 Fabricii⁴

115 1333 244 1402 nostri
268 1329 316 1403 ab
342 1331 641 1430 Aquapendeute
670 1332 741 1429 (3),
762 1345 799 1404 et
822 1334 1139 1428 experientissimi

78 1493 81 1506 .
119 1450 300 1522 Benevoli
320 1448 394 1546 (d),
415 1475 460 1520 ex
481 1449 591 1545 eujus
606 1437 871 1522 observatione
891 1451 1072 1546 suspicari
1089 1451 1137 1522 li·-

117 1582 197 1656 cet,
212 1582 360 1666 -praeter
386 1569 715 1656 constrictionem,
749 1567 1010 1639 membranam
1038 1551 1137 1640 forte

117 1685 287 1782 aliquam
306 1685 418 1759 fuisse
440 1701 523 1785 quae
540 1687 591 1758 ob
611 1703 697 1758 ortu
711 1711 832 1783 usque
849 1687 948 1758 uteri
964 1686 1136 1757 osculum

118 1798 327 1898 clauderet.
349 1807 446 1876 Sane
469 1819 594 1876 autem
614 1795 715 1875 idem
740 1803 933 1876 Fabricius
949 1801 1003 1901 (5)
1023 1827 1137 1873 mem-

118 1923 297 2018 branam,
327 1945 412 2018 qtae
433 1930 612 2018 vaginam
632 1925 834 2014 efformet,
868 1924 918 1994 ait
948 1946 986 1993 se
1011 1921 1137 2018 digitis

105 2021 301 2112 'immissis
311 2039 528 2114 observasse
539 2042 578 2112 in
590 2042 750 2139 vivaper,
766 2055 887 2112 totum
901 2044 1137 2125 continuam,

120 2171 159 2225 et
176 2161 274 2233 uteri
294 2159 478 2253 orificium
498 2159 705 2230 cedentem:
724 2159 878 2230 Littrius
902 2181 992 2228 vero
1013 2153 1068 2253 (6)
1094 2155 1135 2224 in

121 2274 281 2346 dissecta
309 2273 426 2346 sterili
455 2276 613 2348 muliere
642 2276 902 2348 membranam
929 2275 1023 2347 vidit
1052 2297 1138 2370 quae

119 2392 280 2464 interius
301 2394 475 2490 vaginam
492 2395 623 2482 vestit,
637 2417 717 2464 uon
735 2419 844 2466 secus
863 2395 963 2464 uteri
982 2392 1134 2479 osculo,

120 2533 165 2582 ac
185 2513 328 2608 vaginae
346 2509 577 2608 superficiei,
599 2491 872 2600 adhaerentem,
898 2525 942 2580 ut
956 2508 1052 2581 illud
1070 2533 1134 2578 oc·

121 2627 302 2700 eluderet.
316 2628 435 2700 Sedet
448 2645 534 2726 post
545 2645 671 2702 ortum
681 2651 1004 2727 superexcrescere
1015 2651 1134 2696 mem-

121 2747 299 2836 branam,
317 2771 396 2818 non
414 2747 600 2824 dubitavit
610 2749 856 2846 Hippocrates
873 2757 884 2837 (
913 2744 938 2840 l
957 2747 1046 2815 Cam
1057 2767 1135 2813 mu·

124 2865 193 2935 Iter
207 2870 419 2960 genitiaram
434 2871 621 2963 'suscipere
638 2891 715 2938 non
728 2879 874 2964 potest,
891 2885 1037 2934 necesse
1055 2875 1132 2946 ert,

166 3245 209 3324 (ι)
231 3244 367 3322 Epidem.
381 3247 400 3303 l.-
419 3246 451 3319 5,
465 3268 496 3304 n.
513 3265 560 3305 ra.

166 3345 210 3422 μ)
231 3347 279 3403 Ad
290 3343 396 3404 Boerh.
412 3349 544 3422 praelect.
559 3349 598 3405 ad
610 3349 679 3404 inst.
694 3345 781 3418 §675
789 3387 797 3417 ,
810 3357 876 3402 not.
887 3347 907 3400 i.

166 3445 210 3524 (3)
231 3449 276 3504 De
289 3445 365 3504 chir.
379 3467 463 3524 oper.
474 3449 528 3504 ubi
539 3448 668 3506 devitiis
678 3466 766 3524 quor.
781 3465 869 3504 causa
886 3442 1141 3518 feminaecopcub.

132 3565 194 3604 non
207 3546 326 3604 admitt.
393 3534 401 3544 ’

168 3646 212 3724 (4)
234 3647 389 3703 Osservaz.
410 3667 436 3702 1.

171 3741 202 3823 (5
235 3745 485 3804 Locomodocit.

169 3742 214 3924 (fii
234 3847 310 3902 Hist.
327 3847 363 3902 de
375 3848 486 3904 l’Arad.
502 3865 569 3927 roy.
585 3851 719 3924 desse„
737 3846 1059 3920 an.17ol,obs.anat..
1075 3839 1127 3899 ιδ’.

172 3943 216 4026 (7)
236 3949 281 4004 De
295 3947 422 4006 sterilib.
434 3967 466 4007 n.
484 3949 535 4006 13,
678 3955 681 3964 “
