2810 4668
149 431 217 476 um.
245 429 299 476 111.
328 429 374 475 ne
401 427 537 476 nonnis
556 429 728 492 vaurms,
757 431 868 478 eris‘r.
896 429 1005 498 mvn.
1033 409 1104 510 607

96 545 201 624 nutis
227 543 299 624 illis
312 541 530 656 'adhaerebat
562 541 789 632 tuberculis,
821 571 904 642 quae
938 563 1000 620 aut
1024 550 1103 648 ipsa

97 660 290 748 effecerat,
310 675 374 730 aut
393 685 412 730 e
430 659 570 757 quibus
584 657 739 734 fortasse
755 662 955 758 prodierat.
1072 699 1076 710 ·

140 764 206 852 ild.
229 783 299 865 Eae
322 776 392 853 tibi
423 777 577 858 alterius
598 777 882 851 adolescentulae
908 784 1032 865 veniat
1052 771 1110 856 ¹in¹

95 911 285 984 mentem,
305 895 413 990 cujus
430 895 570 992 pariter
591 895 729 968 uterini
744 893 852 966 fundi
864 897 1032 970 intimam
1051 899 1102 972 fa·

96 1015 193 1092 ciem
216 1011 381 1111 parvulis
405 1009 632 1109 quibusdam
663 1011 896 1102 tuberculis,
929 1041 1105 1090 verruca·

96 1129 395 1216 runt-similibus,
411 1129 632 1226 inaequalem
648 1128 828 1227 descripsi
839 1131 897 1228 (1)
908 1157 918 1220 3
931 1130 1036 1205 facile
1050 1136 1104 1206 in-'

97 1249 259 1346 telliges,
273 1271 351 1318 esse
369 1246 471 1328 illam
486 1245 618 1325 faeiem
629 1248 669 1317 in
687 1247 904 1341 huiusmodi
920 1251 1006 1322 vitia
1014 1276 1103 1349 pro·

99 1391 209 1456 naqa,
237 1366 276 1436 id
296 1362 398 1462 quud
432 1365 690 1442 exarescentiae
719 1362 1019 1457 confirmabunt,
1056 1370 1103 1444 de

97 1483 238 1582 quibus
260 1499 388 1580 postea
411 1482 567 1559 dicetur.
591 1483 678 1554 Noli
701 1479 824 1558 atatem
849 1485 975 1560 mirari
996 1489 1101 1583 quod

96 1603 138 1675 in
153 1601 279 1700 puella
292 1600 330 1674 id
346 1601 462 1680 {etatis
485 1625 563 1677 esse
579 1601 745 1699 potuerit
765 1601 958 1674 muliebris
988 1602 1096 1676 fluor.

95 1717 271 1796 Pluribus
302 1719 402 1796 enim
436 1719 533 1798 eirea
562 1717 777 1816 'pubertatis
807 1719 910 1790 initia
942 1721 1100 1819 incepit,

96 1836 291 1911 nonnullis
311 1837 420 1918 etiam
446 1835 505 1907 vel
524 1837 645 1909 multo
664 1837 797 1924 eitius,
818 1861 902 1910 rare
929 1839 1101 1936 quidem,

97 1980 176 2037 nun
195 1977 302 2026 secus
318 1979 362 2034 ae
376 1978 482 2041 rare,
502 1952 568 2028 sed
584 1979 713 2026 revera
732 1949 852 2026 multo
864 1957 971 2028 citius
983 1983 1103 2030 mens·

97 2088 273 2149 truorum
300 2069 423 2148 fluxus
447 2086 502 2148 est
529 2069 758 2144 observatus.
787 2077 884 2171 Lege
911 2074 980 2171 (ut
1010 2076 1102 2152 alios

95 2187 293 2286 omittam)
320 2186 428 2286 apud.
452 2193 681 2265 Termneum
714 2187 772 2286 (2)
799 2187 1099 2272 observationem

96 2306 238 2394 nobilis
255 2307 387 2404 puellae
403 2330 539 2384 novem
556 2307 705 2378 eirciter
722 2331 910 2378 annornm
927 2333 947 2378 a
968 2311 1101 2382 mulie-

96 2418 158 2506 bri
175 2422 295 2506 fluore
313 2437 538 2522 persanatae,
563 2424 639 2496 imo
660 2423 812 2494 alterius
837 2449 937 2520 quae,
956 2427 1018 2497 illa
1038 2431 1103 2498 mi-

97 2562 170 2619 u'or
190 2541 298 2622 annis
314 2540 483 2630 duobus,
517 2539 652 2618 eodem
669 2531 805 2610 morbo
829 2540 1046 2630 tenebatur,
1066 2558 1102 2618 et

98 2661 205 2758 quasi
219 2681 341 2730 serum
358 2659 464 2738 laetas
476 2656 643 2735 nondum
652 2657 901 2753 clarificatum
911 2663 1102 2733 emittebat

97 2783 269 2876 copiose,
283 2801 359 2858 nou
375 2782 453 2854 strae
470 2774 609 2850 ardere
624 2774 753 2872 aliquo
771 2791 808 2844 et
815 2781 976 2872 pruritu.

154 2895 207 2968 16.
225 2893 392 2972 Aniculae
406 2917 487 2990 quae
499 2893 540 2968 in
556 2891 863 2967 baennsocomio
881 2895 1008 2965 neseio
1024 2919 1101 2993 quo

99 3039 146 3094 ex
162 3011 301 3097 morbo
322 3035 445 3107 nuper
464 3009 694 3096 decesserat,
728 3034 812 3080 cum
842 3027 966 3108 partes
992 3039 1102 3110 quas·
1203 3009 1207 3016 ’

98 3131 188 3214 dam
208 3145 293 3210 unte
319 3127 485 3212 medium
500 3125 741 3200 decembrem
768 3128 857 3197 anni
882 3133 998 3224 1744,
1027 3147 1105 3202 stu·

100 3248 215 3320 diesis
231 3245 371 3324 ibidem
387 3243 589 3340 juvenibus
609 3243 921 3333 demonstrarem,
943 3250 983 3317 in
1006 3275 1103 3320 non·-

94 3365 439 3462 nullaquaepraetet
450 3377 624 3463 naturam
639 3365 745 3434 erant
756 3361 995 3457 forte-incidi.
1016 3371 1105 3438 Cor·

101 3482 160 3554 dis
177 3480 329 3552 valvulae
349 3478 571 3576 tricuspides
588 3477 651 3548 bic
664 3479 739 3550 illic
755 3479 943 3568 duriores,
964 3509 1034 3556 nec
1048 3509 1106 3557 se·
1161 3497 1162 3500 ’
1182 3559 1186 3568 ,

101 3599 434 3682 milunareserattt
458 3597 539 3672 sine
564 3594 711 3670 duritie.
740 3599 839 3686 Quin
862 3623 995 3696 magna
1012 3628 1107 3699 quo·
1200 3597 1202 3600 ’

86 3879 88 3886 ”
146 3875 189 3958 (ι)
211 3880 305 3952 Epist.
325 3879 377 3948 45,
391 3899 422 3935 n.
438 3898 486 3936 ai.

145 3977 190 4054 (a)
211 3979 255 4034 De
269 3979 416 4055 glandulis
429 3989 498 4054 post
513 4000 536 4036 e.
553 3979 587 4051 5,
601 3979 666 4036 obs.
682 3998 709 4034 a.
