2746 4674
302 385 368 464 180
463 409 509 462 mr
535 411 681 462 sumans
705 400 750 458 ar
774 407 897 460 causrs
922 399 1131 462 noaaortnu

296 542 355 600 cet
370 526 596 598 humoribus
613 524 678 622 qui
693 539 784 595 tunc
801 547 822 596 a
838 526 1018 623 sanguine
1038 541 1294 599 secernuntur,

292 649 442 742 Itaque,
474 658 516 714 ut
545 641 758 739 exemplum
790 639 1000 738 proferam,
1032 643 1137 740 quod
1170 645 1295 716 nescio
1356 652 1357 690 l

294 785 362 834 cur
393 785 470 832 non
502 757 613 831 fuerit
648 751 899 855 Sepulchreto
928 758 1123 850 additum3
1159 761 1291 858 Malpi·

294 874 1294 977 ghius(1)inpraeceptore'suoNatali,cnjusureterem

294 1009 332 1068 et
353 1019 503 1082 renem,
521 993 571 1064 ob
587 993 838 1089 interceptum
850 993 1033 1064 calculum
1051 997 1213 1067 coercita
1224 995 1295 1065 uri-

294 1137 363 1193 na,
384 1127 593 1182 monstrose
614 1109 788 1180 dilatatos
806 1109 969 1198 invenit,
991 1111 1152 1183 durante
1171 1111 1294 1209 plures

296 1229 374 1300 dies
391 1227 518 1300 lethali
535 1228 799 1324 suppressione
820 1227 1028 1313 adnotavit,
1046 1228 1197 1299 salivam
1210 1227 1295 1298 odo·

293 1357 375 1418 rem
393 1361 429 1417 et
446 1369 618 1443 saporem
640 1343 720 1430 lotii
741 1344 933 1431 retulisse,
954 1359 990 1416 et
1012 1359 1136 1416 cutem
1158 1345 1294 1442 pariter

260 1551 262 1554 Ι
294 1458 835 1558 halitusejusdemreddidisse.
848 1459 1294 1534 Albe‘rtinusautemmihi
1360 1490 1361 1562 p

293 1579 470 1700 naprabat
494 1576 660 1650 nobilem
680 1577 819 1648 illurn
807 1602 1004 1672 Juvenem,
1028 1580 1132 1676 cujus
1158 1603 1292 1652 renum

294 1713 520 1772 structuram
538 1718 559 1764 a
576 1693 812 1791 Malpighio
804 1719 842 1764 m
867 1695 1023 1793 epistola
1047 1694 1093 1766 ad
1112 1697 1292 1793 Sponium
1361 1700 1362 1738 ³

295 1815 519 1912 descriptam
539 1811 772 1900 habemus,'
763 1837 801 1881 m
823 1811 956 1882 eodem
975 1811 1111 1884 morbo
1137 1837 1219 1883 non
1243 1838 1294 1885 sa-

294 1931 426 2018 livam,
442 1931 559 2002 urinae
579 1927 696 1999 odore
710 1942 747 1998 et
767 1952 899 2027 sapore
916 1927 1111 2017 infectam,
1128 1929 1193 2001 sed
1209 1955 1294 2029 pro·
1362 1910 1363 1998 l

294 2047 499 2146 pemodum
517 2046 665 2116 urinam
682 2045 799 2140 ipsam
817 2046 1029 2143 exspuisse,
1046 2047 1150 2144 qnod
1173 2047 1293 2143 adjec·
1363 2120 1364 2168 ,

294 2181 355 2236 tus
373 2163 482 2234 odori
500 2177 536 2233 et
554 2162 677 2259 sapori
701 2162 808 2232 color
827 2186 981 2260 quoque
998 2163 1228 2251 testabatur,
1248 2161 1295 2235 af·-
1363 2177 1364 2192 ¹

217 2303 229 2312 ·
293 2281 435 2352 fluente
462 2279 509 2350 ad
535 2279 706 2351 salivares
728 2279 921 2378 glandulas
942 2282 1059 2352 urinae
1080 2281 1237 2351 materia
1256 2303 1294 2351 ea
1364 2330 1365 2394 t

295 2401 431 2496 copia,
465 2413 506 2468 ut
539 2395 666 2467 buccae
698 2411 734 2468 et
771 2397 961 2494 parotides
991 2399 1293 2470 intumescerent
1364 2401 1365 2420 ¹

295 2518 416 2605 Quam
437 2514 486 2586 oh
507 2514 758 2586 exorationem
780 2511 935 2586 fortasse
959 2515 1102 2586 tamdiu
1118 2515 1210 2586 vixit
1231 2514 1293 2586 do·

294 2657 365 2706 nec
376 2687 386 2720 ,
398 2634 493 2704 victa
506 2630 788 2730 suppressione,
805 2655 977 2728 magnam
990 2633 1064 2701 vim
1079 2633 1198 2702 urinae
1209 2635 1295 2702 min·

295 2767 421 2852 geret3
442 2774 658 2847 quanquam
681 2747 928 2830 nihilominus
956 2749 990 2818 ei
1011 2749 1168 2845 contigit
1192 2735 1294 2846 quod

293 2897 372 2942 non
398 2892 484 2972 raro
515 2882 604 2943 eta
584 2866 684 2952 aliis,
716 2879 898 2935 retentam
930 2865 1094 2963 longiori
1124 2881 1294 2964 ternpore

293 2989 440 3060 urinam
461 2983 612 3054 tandem
634 2980 898 3068 reddentibus,
915 2997 958 3052 ut
969 2997 1105 3054 vitiatts
1125 2982 1294 3053 humori·

292 3104 365 3176 bus
383 3117 419 3174 et
435 3099 658 3183 visceribus
680 3123 759 3175 nou
779 3099 900 3170 multo
917 3114 1002 3196 post
1019 3101 1201 3170 interiret
1228 3105 1293 3171 Ex-

295 3223 480 3294 cretiones
500 3217 588 3288 alias
602 3240 669 3313 per
686 3239 779 3310 quas
798 3213 991 3303 homines,
1007 3215 1147 3313 quillus
1162 3217 1292 3289 lotium

295 3359 535 3435 suppressum
559 3349 632 3422 cst,
659 3334 772 3402 vitam
796 3332 933 3404 diutius
955 3331 1109 3404 trahunt
1135 3350 1198 3405 aut
1219 3357 1291 3406 ser·

293 3470 402 3539 rant,
422 3477 507 3522 cum
533 3451 694 3520 Thomas
726 3448 965 3520 Bartholinus
987 3448 1045 3546 (a)
1066 3474 1291 3522 commemo-

293 3571 502 3661 ret3istam,
519 3592 632 3665 quam
647 3567 749 3664 attigi
761 3566 900 3656 ,salivae
911 3569 1106 3655 omittens,
1123 3567 1291 3663 dejectio

332 3857 377 3933 (ι)
398 3856 455 3928 Op.
472 3861 552 3927 post.

270 4009 271 4014 ,
333 3954 377 4035 (a)
398 3958 481 4013 Ceut.
494 3959 530 4023 4,
543 3949 638 4024 Epist.
654 3947 731 4006 med.
747 3948 795 4006 18.
