2810 4668
149 446 217 492 nte.
245 445 299 490 111.
328 441 870 506 Dsnonntsvsntn18,1tl²tst'.
898 445 996 492 xtv1.
1027 417 1096 517 587

88 558 287 656 apoplexia
306 556 397 628 olim
418 571 647 642 tentaverat,
670 557 873 634 novis-sune
895 573 1021 633 autem
1042 583 1102 636 rs·

87 675 198 750 diens
215 671 390 748 confecit.
409 680 464 747 Ex
479 699 540 762 ea,
567 699 653 748 cum
675 673 845 772 publicas
867 676 1100 750 anatomicas

87 793 433 868 demonstrationes
447 791 627 880 haberem
645 817 747 864 anno
772 790 878 889 1725,
895 793 1006 864 nullae
1021 792 1100 866 aliae

87 912 131 984 ia
150 912 386 1010 gymnasium
402 910 510 984 illatae
528 925 618 982 sunt
640 925 786 1008 partes,
817 911 890 982 nisi
913 919 996 1008 quae
1018 910 1101 982 lotii

86 1030 316 1117 excretioni,
334 1043 371 1102 et
388 1028 641 1127 generationis
655 1030 765 1126 operi
784 1029 1003 1102 inserviunt.
1022 1033 1102 1100 'Re-

86 1146 204 1220 nibus
215 1147 437 1242 interjectus
463 1171 608 1244 magnae
628 1146 771 1218 arteriae
797 1161 957 1222 truncus
980 1146 1107 1230 initia,

87 1263 156 1338 sed
171 1264 374 1352 levissime,
396 1265 498 1338 intus
526 1262 751 1346 ostendebat
774 1287 969 1336 ossearum
988 1288 1100 1362 squa-

83 1382 287 1455 mutarunt
307 1386 432 1458 Renes
443 1382 535 1480 ipsi,
549 1381 617 1478 qui
634 1405 712 1454 nou
730 1382 781 1452 ita
800 1380 918 1456 multa
938 1382 1106 1480 pingue·.

86 1498 181 1574 dine
191 1515 298 1573 erant
308 1500 470 1572 exterius
486 1497 652 1597 praediti,
672 1497 805 1570 eadem
825 1501 925 1570 inter
941 1498 1100 1596 papillas

86 1641 132 1687 ea
150 1619 258 1716 copia
281 1615 388 1691 feroti
408 1631 534 1706 erant,
556 1631 598 1688 ut
618 1617 898 1712 majoremnon
915 1617 1102 1688 memine-

85 1735 171 1806 rim.
192 1740 318 1808 Testes
336 1733 450 1806 ambo
459 1733 614 1832 quidem
630 1749 738 1806 crant
746 1733 916 1831 strigosi;
932 1732 997 1806 sed
1008 1732 1100 1806 dex-

84 1866 147 1923 ter
166 1853 287 1926 multo
317 1853 437 1951 magis
460 1865 696 1923 contactus:
725 1875 921 1947 excoque
950 1849 1102 1946 hydatis

86 1967 256 2044 exstabat
275 1983 453 2042 castaneae
471 1966 929 2066 figuraetmagnitudine,
949 1963 1099 2040 subfus-

89 2111 171 2157 cant
193 2112 329 2185 aquam
353 2092 452 2157 intra
478 2087 624 2157 tunicas
648 2088 847 2157 continens
868 2110 1025 2173 crassaS,
1041 2087 1100 2158 in·

87 2205 228 2276 seriore
248 2203 539 2302 faciefaequales,
564 2219 601 2276 et
620 2203 739 2276 leeves.
756 2203 805 2288 Id,
822 2203 975 2276 sinistro
993 2204 1100 2300 peni·

84 2337 148 2394 tus
178 2322 331 2394 condita
362 2338 441 2394 erat
468 2321 602 2394 cellula
635 2319 821 2410 rotunda,
850 2321 989 2394 minori
1018 2345 1099 2394 uvae

85 2442 198 2512 acino
218 2439 473 2536 haudanajor,
497 2463 610 2535 quam
628 2438 702 2511 albi
717 2453 754 2510 et
775 2439 1013 2514 crassiusculi
1034 2419 1102 2536 pa·

86 2557 427 2652 rietesefficiebant
441 2559 543 2630 intus
560 2556 780 2654 inaequales,
793 2571 830 2628 et
843 2556 1015 2646 humoris
1033 2537 1121 2628 ali·'

85 2677 178 2775 quid
199 2677 504 2775 complectentes.
524 2679 706 2746 Caeterum
720 2675 760 2744 in
780 2689 918 2746 neutro
928 2699 972 2746 ex
985 2689 1099 2746 natu·-

84 2794 229 2868 ralibus
245 2795 419 2869 vesiculis
438 2785 515 2864 ulla
528 2790 607 2864 fuit.

139 2913 197 2988 30.
212 2918 306 2986 Cum
320 2913 376 2984 hae
393 2910 564 2986 vesiculae
583 2909 629 2982 ad
651 2907 908 3007 generandum
931 2912 1007 2982 sint
1030 2932 1099 2980 ne·

86 3031 274 3120 cessaria,
293 3033 370 3104 sive
391 3032 496 3128 ipsse,
517 3043 559 3102 ut
574 3025 991 3124 plerique‘credebant‚
1022 3026 1101 3103 sint

87 3173 176 3237 ova,
192 3151 267 3222 sive
284 3149 411 3246 potius
427 3148 466 3218 in
485 3146 631 3217 luteum
648 3167 787 3241 corpus
804 3157 1020 3230 mutentur,
1038 3167 1099 3241 pe-

85 3267 198 3340 unde
220 3291 299 3340 esse
320 3265 444 3352 vides,
476 3266 551 3336 sive
572 3287 727 3362 prorsus
753 3260 895 3348 desint,
909 3263 994 3340 ‘sive
1018 3285 1098 3334 non

90 3409 188 3467 euin
200 3409 315 3481 quem
333 3366 490 3470 debent,
503 3381 704 3454 humorem
719 3379 949 3452 contineant.
965 3384 1099 3476 Itaque

88 3503 306 3576 mirandum
323 3527 402 3574 non
420 3501 535 3588 est,si
549 3500 703 3587 mulier,
716 3523 806 3570 sana
816 3499 978 3595 alioqui,
998 3511 1034 3568 et
1038 3499 1098 3593 ju·

86 3621 213 3708 venis,
227 3622 455 3718 juvenique,
476 3633 513 3689 et
524 3617 649 3688 valido
665 3619 801 3688 marito
816 3615 1099 3714 nupta‚sterilis

86 3736 223 3826 fuerat,
243 3740 375 3836 inqua
396 3736 641 3809 Vallisnerius
666 3735 724 3834 (1)
752 3734 934 3807 vesiculas
964 3756 1097 3806 omnes

973 3869 977 3880 Ι

125 3997 167 4078 (1)
189 4001 241 4056 Ist.
256 4001 332 4058 della
344 4017 476 4078 generez.
488 4018 520 4076 p.
536 4017 567 4074 a,
582 4017 608 4056 c.
622 3996 659 4072 5,
678 4017 708 4055 n.
725 4005 771 4070 14.
