2810 4668
316 423 387 515 548
476 448 522 496 nr
548 437 693 496 surinus
717 443 761 491 ra
786 441 910 492 causis
935 441 1146 492 n‘oaronuu

315 558 518 662 proferret,
535 583 605 658 pro
623 572 770 646 nostra,
787 580 900 654 quam
915 556 1052 629 vidisse
1066 582 1146 628 non
1162 556 1325 649 videtur,

317 681 501 753 sententia
519 677 619 750 stetit
639 703 645 745 :
668 698 738 774 pro
756 699 831 771 qua
847 673 915 746 cel.
932 674 1044 746 etiam
1059 674 1256 746 Hallerum
1269 675 1326 772 (1)

316 813 413 870 stare
438 795 583 881 credes,
607 792 672 864 ubi
701 815 783 862 eam
808 791 919 862 sicin
946 792 1107 862 transitu
1132 789 1273 880 refert,
1294 807 1328 865 et
1390 793 1394 804 '

317 929 502 987 staturum
518 913 557 980 in
581 931 701 1006 puero
718 932 891 1006 quoque,
915 907 1023 1002 cujus
1048 906 1325 981 deformitatem

317 1031 477 1104 similem
505 1026 616 1114 vidit,
637 1026 667 1099 si
695 1039 873 1123 provecta
899 1038 1020 1113 aetate,
1038 1026 1202 1097 triennis
1225 1029 1324 1097 enim

317 1163 409 1220 tunc
429 1161 524 1232 erat,
539 1144 770 1241 inspexisset
789 1143 874 1212 Non
892 1141 967 1212 huc
985 1139 1107 1214 refero
1125 1143 1327 1214 Saltzman·

317 1267 358 1337 ni
378 1265 432 1361 (a)
455 1264 494 1333 in
518 1261 684 1332 ruricola
706 1260 847 1354 juvene
874 1257 1204 1350 observationem,
1224 1263 1327 1357 cujus

317 1381 473 1456 urethra
498 1405 576 1452 non
604 1375 721 1465 infra,
751 1375 816 1448 sed
841 1399 971 1473 supra,
989 1391 1026 1448 et
1047 1378 1146 1449 inter
1167 1401 1326 1477 corpora

317 1499 661 1598 nerveospongiosa
697 1492 887 1566 ferebatur
925 1518 993 1591 per
1025 1493 1185 1568 dorsum
1224 1499 1327 1596 penis

316 1633 463 1717 aperta;
479 1617 568 1714 quia
579 1614 660 1700 hic,
678 1627 721 1684 ut
734 1610 1154 1710 figurae(3)ostendunt‚
1168 1630 1250 1686 erat
1264 1639 1327 1712 per

317 1759 355 1812 se
373 1749 517 1834 quanto
533 1734 634 1830 justo
653 1731 827 1813 crassior,
847 1744 952 1800 tanto
968 1728 1141 1818 brevior,
1162 1758 1290 1830 neque
1308 1758 1325 1802 a

291 1857 295 1868 '
318 1853 489 1927 venereis
516 1847 806 1949 cogitationibus
829 1846 990 1917 multum
1016 1847 1229 1937 crescebat,
1248 1866 1325 1922 turn

319 1974 405 2071 quia
423 1967 601 2041 nonnihil
619 1979 698 2037 erat
717 1964 895 2056 deorsum
914 1965 1153 2054 incurvatuS‚
1168 1969 1325 2042 novissi·
1396 1965 1397 2052 i

319 2095 385 2160 me'
413 2088 501 2184 quia
530 2085 640 2155 urina
667 2106 747 2152 nou
774 2104 861 2151 cum
882 2081 1027 2177 impetu
1047 2106 1117 2179 per
1135 2083 1325 2156 uretbram

231 2227 235 2234 '
321 2204 472 2276 fluebat.
494 2205 595 2292 Quas
613 2199 664 2270 ob
681 2221 809 2270 causas
822 2222 955 2270 omnes
970 2199 1105 2270 merito
1119 2199 1324 2294 judicatum

321 2337 391 2409 est,
404 2322 581 2417 juvenem
599 2316 645 2387 ad
664 2312 922 2412 generandum
939 2339 1018 2386 non
1037 2339 1117 2388 esse
1134 2317 1324 2392 idoneum.

369 2465 403 2536 9.
421 2435 533 2526 Quod
554 2449 590 2504 et
606 2459 677 2531 ego
692 2432 739 2504 de
755 2432 921 2532 quodam
937 2433 1011 2504 alio
1025 2434 1168 2530 juvene
1184 2437 1324 2522 censui,
1395 2519 1396 2522 Ἴ

319 2557 428 2629 annis
452 2555 604 2653 triginta
626 2551 784 2638 minori,
807 2551 978 2648 quamvis
995 2551 1191 2638 urethram
1209 2579 1323 2651 neque

320 2677 362 2745 in
390 2673 504 2744 dorso
533 2669 661 2768 penis,
688 2692 813 2764 neque
834 2681 950 2740 totam
970 2666 1129 2740 baberet
1147 2687 1320 2768 apertam.

320 2794 442 2882 Quem
465 2789 680 2884 diligenter,
699 2801 742 2855 ut
759 2810 779 2856 a
796 2809 856 2856 me
877 2787 1036 2883 petitum
1055 2783 1198 2876 fuerat,
1221 2805 1259 2860 et
1274 2813 1324 2861 res

320 2912 399 3007 ipsa
418 2931 487 3004 per
506 2929 544 2976 se
560 2900 792 3000 postulabat,
811 2903 957 2999 inspexi
972 2927 1073 2975 anno
1093 2904 1198 3001 1738.
1216 2911 1253 2979 Is
1265 2908 1323 2978 mi·

320 3050 393 3098 nus
413 3038 493 3096 erat
521 3019 720 3106 robustus,
748 3043 860 3116 qnam
884 3018 962 3090 duo
984 3019 1038 3090 illi
1056 3021 1119 3092 alii
1138 3048 1159 3093 a
1177 3048 1240 3100 me
1257 3026 1323 3094 ins-

321 3144 439 3244 pecti;
464 3162 576 3212 sanus
599 3151 726 3208 tamen
754 3137 806 3206 sic
825 3138 926 3224 satis,
945 3138 1065 3210 oculis
1086 3153 1124 3210 et
1149 3164 1249 3237 pene
1272 3167 1322 3212 ex·

322 3261 463 3359 ceptis,
490 3278 655 3357 quorum
682 3253 738 3324 illi
767 3251 827 3323 ab*
842 3253 1013 3349 antiqua,
1035 3255 1261 3355 assiduaque
1276 3259 1322 3326 in·
1393 3253 1394 3328 i

321 3375 575 3450 flammatione
597 3368 858 3459 caecutiebant,
872 3369 935 3441 hic
953 3372 1003 3440 ita
1021 3395 1059 3443 se
1081 3372 1269 3462 hahebat,
1285 3387 1323 3445 ut

323 3520 410 3566 mex
431 3489 652 3564 describam.
675 3490 841 3558 Uxorem
862 3487 963 3558 ultro
993 3485 1183 3562 fatebatur
1206 3495 1321 3564 etiam·

360 3790 404 3870 (1)
427 3794 591 3849 Comment.
611 3789 679 3844 Soc.
694 3807 719 3844 r.
736 3789 784 3847 Sc·
797 3783 947 3864 Gottiug.'‚
963 3797 1079 3844 tomi.
1392 3765 1393 3853 i

362 3891 405 3970 (a)
427 3895 493 3948 Act.
512 3892 550 3946 N.
564 3891 596 3946 C.
613 3899 685 3943 tom.
701 3896 733 3958 4,
752 3888 817 3944 obs.
832 3885 880 3944 65.

361 3995 403 4075 (3)
427 3977 500 4050 Tabss
516 3989 533 4044 6
542 4031 551 4076 ?
569 3989 620 4064 fig.
643 4007 653 4042 1
675 3998 704 4042 et
720 4005 748 4042 a.
