2726 4676
116 477 181 524 ιιι.
202 473 258 522 ιιι.
287 469 333 520 na
357 455 493 519 nonnis
510 465 679 534 varrum,
704 466 814 518 emar.
843 473 930 520 xmr.
970 451 1041 548 239
1074 534 1076 538 ,

55 603 85 661 et
99 586 272 660 Benevoli
291 607 333 658 ea
355 587 492 682 scripta
512 583 665 681 legeris,
691 605 809 680 eaque
826 584 901 655 huc
922 593 1052 659 trane

53 706 171 776 tuleris
199 726 285 802 quae
307 702 501 800 superiore
530 701 685 798 epistola
707 703 762 797 (1)
783 701 1037 775 indicavimus.

54 825 237 894 tamenim
259 836 314 893 est
332 819 443 890 nobis
456 821 683 916 promissum
704 817 875 888 ordinem
895 842 1043 892 servan-

54 941 161 1028 tibus,
178 939 228 1012 ad
245 961 327 1009 eam
344 937 534 1034 dysuriam
550 959 633 1033 quae
644 958 689 1006 ea
703 936 964 1034 vesicaelapide
975 953 1041 1026 est,

54 1057 323 1130 transeundum.
670 1120 693 1166 Ι,

97 1176 145 1248 ιδε
163 1173 535 1247 AndreasCortinius
555 1171 788 1255 anismam,
806 1173 1042 1245 reverendis·

56 1295 126 1365 simi
140 1297 177 1363 P.
195 1296 246 1364 M.
267 1293 335 1389 qui
349 1315 451 1361 nunc
463 1289 656 1386 religionis
675 1287 858 1376 Quaesitor
869 1293 1042 1362 Ferrariae

56 1425 115 1496 est,
132 1432 288 1508 parens,
306 1409 459 1480 Antonii
488 1417 612 1476 autem
629 1429 739 1492 avus,
764 1407 838 1476 mei
865 1410 1041 1480 amantis-

57 1529 143 1616 simi,
168 1541 205 1600 et
222 1528 281 1600 rei
298 1524 609 1624 pharmaceuticae
635 1547 678 1593 ac
703 1522 920 1620 chirurgica
942 1527 1042 1624 peri-

57 1645 171 1716 tissimi
185 1647 277 1733 viri,
292 1643 409 1714 homo
428 1640 648 1738 subpinguis
660 1690 669 1726 ‚
682 1661 891 1737 parumque
906 1645 1043 1715 exerci-

58 1763 180 1835 tatione
197 1763 370 1860 corporis
388 1761 443 1830 uti
455 1759 603 1845 solitus,
616 1781 702 1827 cum
714 1783 834 1830 annos
845 1759 1042 1832 excederet

59 1881 244 1979 sexaginta,
263 1879 349 1950 alba
366 1891 402 1950 ct
415 1877 515 1949 lenta
532 1877 699 1973 mingere
718 1877 849 1973 coepit,
869 1901 938 1948 nec
957 1879 1038 1952 sine

60 1993 180 2068 dolore.
198 1997 461 2093 Suspicionem
479 1993 568 2064 hinc
586 2007 705 2064 ortam
722 1993 854 2063 calculi
867 1995 904 2063 in
919 1997 1042 2068 vesica

62 2110 781 2204 barentis‚catbeteretandemimmisso‚
795 2111 865 2182 sibi
886 2112 1043 2209 quidem

63 2231 279 2304 confirmavit
302 2231 519 2328 chirurgufl,
539 2254 617 2299 non
639 2250 755 2324 aegr0,
785 2232 851 2326 qui
876 2255 961 2301 cum
979 2232 1042 2303 ille

63 2347 224 2420 calculum
238 2363 393 2447 tangere
408 2373 446 2418 se
460 2347 621 2433 diceret,
641 2348 719 2444 ipse
734 2328 865 2417 calculi
875 2349 1044 2447 impulsu

63 2461 239 2564 deceptus,
260 2492 340 2538 non
363 2465 549 2537 calculum
575 2466 677 2561 tangi
697 2465 948 2553 asseverabat,
976 2468 1041 2539 sed

63 2582 212 2654 vesicam.
241 2589 365 2675 Quam
396 2582 616 2685 opinionem
638 2598 701 2651 'eo
729 2583 847 2679 magis
873 2577 1043 2670 lovebat‚

65 2699 151 2791 quod
181 2726 201 2772 a
228 2701 431 2772 catbeteris
460 2699 690 2770 immissione
724 2698 870 2770 reddita
900 2698 1047 2770 facilior

66 2815 173 2886 mietio
196 2814 327 2888 luerat.
359 2822 492 2913 ltaque
520 2838 599 2884 nou
621 2815 698 2910 jam
725 2813 879 2901 dehac,
911 2816 975 2886 sed
996 2817 1044 2886 de

66 2933 210 3024 quodam
229 2935 356 3033 potius
375 2933 507 3004 dolore
527 2930 757 3028 querebatur
768 2932 807 3000 in
828 2932 1046 3004 scrobiculo

68 3049 187 3138 cordis,
203 3053 285 3150 qui,
300 3053 331 3124 si
350 3052 464 3149 paulo
482 3050 703 3120 concitatius
719 3047 947 3138 ambularet,
963 3073 1048 3148 gra·-

69 3161 143 3236 dum
177 3171 304 3242 sistere
341 3167 509 3264 cogebat.
551 3165 790 3237 Accedebant
825 3169 1046 3238 arteriarum

69 3284 178 3374 pulsus
197 3285 358 3384 turgidi,
376 3299 413 3355 et
430 3284 640 3371 vibrantes,
661 3284 790 3379 quales
808 3307 902 3380 stupe
926 3286 1047 3359 solent

70 3395 107 3465 ab
122 3418 384 3502 aneurysmate.
406 3403 484 3472 Nec
506 3423 597 3472 vero
617 3401 695 3470 baec
723 3415 935 3490 cessarunt,
960 3427 1048 3475 cum

71 3532 140 3606 post
156 3519 308 3619 longum
335 3520 517 3616 temporis
543 3518 785 3590 intervallum
802 3519 911 3589 rediit
931 3523 1050 3592 urinae

73 3627 248 3712 difficultas
262 3659 349 3709 cum
368 3636 513 3707 ardoris
532 3657 643 3707 sensu
658 3637 761 3706 circa
778 3635 928 3733 pubem.
948 3638 1050 3728 Quin

107 3999 195 4077 (dli-
219 4029 263 4064 1²·
