2740 4670
317 429 388 500 318
483 453 529 498 ue
556 449 703 498 scurrus
729 453 772 497 nr
799 451 924 499 causis
950 451 1159 500 uonnouuu

320 561 502 635 methodo
525 566 584 635 vel
605 589 704 636 novo
730 566 982 650 instrumento
1003 566 1131 638 addito
1157 568 1309 636 animad-
1356 567 1357 588 ¹

317 681 503 778 vertit(1).
523 681 647 753 Sedet
664 683 703 752 iu
724 682 818 769 alto,
833 705 946 779 quem
963 700 1120 773 vocant,
1142 697 1307 782 apparatu

319 801 408 874 scite
436 798 632 870 admonuit
660 798 714 895 (u)
744 803 905 872 vesicam
939 817 1132 872 canumet
1156 801 1308 900 amplam
1356 841 1357 856 κ

319 916 533 990 desiderari.
552 919 641 1006 Quae
655 941 746 988 vero
765 918 946 990 hactenus
959 919 1057 992 dicta
1072 935 1161 991 sunt
1173 919 1219 990 de
1235 945 1307 990 con-

316 1035 446 1130 juncta
467 1057 552 1104 curn
580 1035 793 1104 tunicarum
825 1036 1088 1124 crassitudine,
1121 1051 1158 1107 et
1183 1036 1307 1106 minori

320 1151 366 1222 ad
393 1175 431 1223 se
455 1149 735 1222 extendendum
762 1151 934 1224 facilitate
958 1155 1170 1250 capacitatis
1191 1153 1304 1224 vesicae

262 1269 263 1279 ’
320 1293 453 1368 magua
477 1285 520 1340 ut
540 1269 779 1380 plurimum
771 1271 1053 1355 rmminutione,
1086 1297 1129 1342 ea
1151 1273 1259 1358 scire,
1278 1283 1306 1340 et

320 1387 615 1460 animadvertere
655 1412 734 1459 non
771 1403 915 1458 tantum
952 1387 1165 1474 lithotomi,
1190 1388 1252 1459 sed
1277 1403 1304 1456 et

320 1505 457 1577 medici
482 1529 561 1576 non
589 1529 721 1603 parum
746 1507 910 1577 interest.
933 1507 1104 1604 Exempli
1123 1508 1222 1578 enirn
1239 1530 1304 1601 gra-

320 1625 391 1709 tia,
409 1625 439 1694 si
459 1623 616 1722 dysuriae
635 1623 842 1694 obnoxium
865 1626 981 1694 urinae
1001 1630 1039 1694 in
1060 1626 1182 1696 vesica
1207 1623 1302 1694 corri-

319 1744 396 1839 piat
424 1742 665 1839 suppressio;
694 1751 772 1810 non
795 1737 900 1814 facile
929 1725 1021 1828 sibi,
1054 1759 1094 1814 ut
1121 1743 1302 1839 chirurgus

318 1861 406 1931 alias
420 1857 478 1956 (3)
498 1875 747 1946 memoratus,
775 1860 921 1958 imponi
940 1861 1071 1931 sineta
1097 1861 1234 1930 minori
1250 1857 1301 1954 hy·

319 1979 497 2074 pogastrii
527 1978 717 2063 tensione,
748 1991 789 2048 ut
813 1977 960 2066 credat,
988 1977 1149 2048 necdum
1172 1992 1300 2072 tempus

319 2117 398 2164 esse
420 2093 501 2163 lotii
518 2117 585 2190 per
602 2093 1042 2190 cathetercmfl'educendi.
1061 2098 1112 2164 Ex
1127 2095 1200 2164 levi
1218 2093 1298 2162 eninr

320 2210 393 2297 ibi,
429 2210 497 2281 sed
524 2211 785 2282 modestissima
813 2212 992 2282 tensione
1016 2211 1212 2307 conjiciet,
1236 2209 1296 2303 jam

319 2343 465 2400 tantum
485 2327 564 2399 lotii
592 2329 630 2398 in
651 2329 771 2400 vesica
801 2350 900 2416 esse,
928 2343 1112 2425 quantum
1134 2329 1195 2396 vix
1210 2349 1297 2422 cape·

319 2471 359 2516 re
383 2461 537 2543 angusta
566 2446 751 2542 ejusmodi
776 2459 812 2517 ct
837 2447 962 2518 min'us
986 2446 1175 2518 extensilis
1200 2443 1297 2514 vesica

319 2565 455 2660 possit,
482 2567 685 2662 praesertim
717 2567 744 2634 si
774 2575 869 2662 aeg'er
899 2565 1024 2635 senior
1053 2565 1116 2649 sit,
1148 2577 1190 2634 ut
1218 2559 1297 2631 illius

321 2685 454 2753 tunicis
474 2681 649 2752 duritiem
669 2683 879 2778 rigoremve
892 2681 939 2752 ab
954 2695 1057 2752 aetate
1075 2681 1295 2778 insuperesso

320 2797 506 2884 additum,
533 2801 618 2870 satis
651 2797 849 2869 verisimile
877 2799 1067 2886 videatur,
1095 2799 1199 2894 sique
1229 2805 1294 2862 ante

319 2917 643 3014 suppressionem.
640 2916 771 3012 saepius
789 2914 960 3012 quidem,
983 2915 1047 2986 sed
1070 2939 1202 3012 parurn
1218 2909 1295 2980 min

318 3057 404 3131 gere
423 3049 647 3104 consuesset.
666 3035 750 3103 Haec
771 3032 862 3104 mihi
881 3033 926 3103 ad
947 3047 1160 3130 opportune
1177 3026 1294 3101 accde

318 3149 474 3222 randum
490 3161 697 3248 suppressae
713 3152 830 3221 uriuae
845 3150 1085 3274 eductionem
1102 3127 1293 3248 perpendis

318 3293 361 3342 se
361 3271 542 3366 poenituit
557 3290 765 3365 uunquam.

369 3385 424 3456 36.
442 3387 540 3457 Etsi
527 3412 603 3481 Jam
626 3385 775 3483 longius
792 3383 871 3455 haec
891 3385 1046 3483 epistola
1064 3397 1231 3482 provecta
1241 3387 1290 3456 cst

319 3518 460 3590 tamen,
473 3529 502 3574 sr
493 3504 657 3600 reliqua
673 3505 784 3576 etiam
797 3503 990 3589 volumus,
1005 3519 1047 3574 ut
1062 3491 1290 3598 initiopromi·

317 3687 558 3698 ‘'m’‘
782 3669 1357 3732 *Mt

374 3800 401 3877 1)
422 3801 498 3856 lbid
514 3806 592 3956 §29

388 3900 397 3976 )
369 3901 527 3968 albidS

368 3996 512 4075 nuptu.
529 3900 590 4069 4115
599 4017 630 4056 n
649 4003 693 4062 14.

357 3800 369 3875 i

355 3901 385 3974 (2

356 3999 366 4077 ί
