2814 4674
141 473 198 520 nr.
223 471 274 518 nr.
291 471 353 518 ‚nr
378 469 515 518 atomus
530 469 700 534 vaurms,
726 471 837 520 nrrsr.
859 475 980 540 pxxrx.
1033 455 1080 552 95

99 587 216 675 trium,
258 584 502 658 crassitudine
538 583 742 682 digitorum
781 601 1080 664 transversorum

96 703 267 805 quinquej
284 705 478 778 latitudine
493 704 694 776 duodecim
708 707 974 806 5slongitudine
998 714 1082 782 toti·

92 826 357 896 damnamus
370 837 450 894 erat
457 824 668 894 ventriculo
680 847 749 921 per
759 825 958 920 quemdam
974 815 1096 924 quasi

89 940 218 1034 funem,
228 942 297 1015 sub
305 942 571 1013 intestinorum
584 955 688 1038 parte
703 941 898 1030 latentem,
913 969 1079 1017 crassum

87 1061 208 1160 digitos
217 1060 374 1159 pollices
389 1057 502 1146 duos,
515 1083 559 1138 ex
571 1059 667 1129 vasis
681 1055 820 1130 factum
837 1061 1076 1160 sanguiferis‚

86 1205 156 1276 qua
164 1175 407 1250 crassiuscula
416 1175 557 1261 tunica,
574 1176 732 1272 capsulae
746 1177 881 1264 instar,
893 1182 1079 1277 complec-

85 1295 221 1368 tebatur
241 1309 285 1366 ut
303 1293 450 1379 colore,
477 1307 514 1363 et
538 1293 698 1389 quadam
725 1317 900 1365 vasorum
924 1313 1077 1369 contor-

85 1414 177 1486 sione
191 1411 321 1486 similis
331 1424 426 1482 esset
436 1407 595 1480 funiculi
605 1409 847 1498 umbilicalis3
859 1435 1077 1513 quanquam

86 1533 234 1603 exterius
250 1529 476 1627 appendices
498 1526 661 1599 habebat
680 1525 879 1626 quasdam,
900 1531 1077 1630 reliquias

86 1645 225 1722 fortasse
244 1649 488 1720 laceratarum
506 1645 831 1734 membranarum,
851 1673 931 1745 quae
953 1653 1076 1747 primo

86 1781 223 1863 aspectu
241 1765 324 1837 illas
338 1763 509 1862 adiposas
520 1763 747 1862 appendices
762 1761 977 1838 referebant
993 1772 1076 1865 qui-

86 1881 145 1956 bus
159 1884 339 1958 instructa
367 1896 454 1954 sunt
480 1882 656 1952 intestina
678 1905 809 1953 crassa.
830 1885 936 1953 Rami
962 1909 1077 1956 vena·

87 2023 157 2072 rum
172 2002 216 2074 ad
234 2001 373 2074 lienem
391 2000 630 2072 attinentium
648 1983 890 2070 valdeerant'
907 1999 1072 2073 dilatati:

88 2142 155 2214 quae
173 2135 297 2190 autem
314 2142 378 2188 vas
394 2116 508 2188 breve
527 2115 685 2204 dicitur,
706 2115 812 2188 facilc
839 2117 999 2216 digitum
1019 2123 1072 2192 in-

88 2232 191 2307 dicem
207 2233 436 2306 admittebat.

123 2353 175 2440 43.
193 2355 270 2426 Etsi
287 2353 425 2428 Blasins
442 2349 496 2447 (ι)
515 2375 602 2422 cum
619 2351 805 2438 eamdem,
825 2376 937 2450 quam
955 2359 1072 2450 Ruys·

86 2469 175 2543 chius
191 2471 247 2570 (α)
265 2485 415 2568 postea,
441 2469 628 2567 prolapsD
638 2470 746 2541 lienis
769 2469 1071 2542 observationem

83 2587 247 2686 vulgavit,
264 2589 456 2685 aliquanto
474 2586 582 2685 plura
599 2611 713 2684 quam
729 2587 841 2675 alter,
857 2589 1004 2685 scripsit
1022 2590 1069 2660 de

83 2704 209 2804 iis'quae
225 2708 266 2776 in
285 2707 449 2792 vivente,
466 2718 503 2776 et
522 2717 607 2802 post
624 2719 785 2774 mortem
800 2719 894 2800 gunt
908 2706 1072 2776 animad-

82 2843 190 2911 versa,
210 2837 248 2894 et
269 2825 308 2892 in
328 2821 387 2896 his
402 2845 497 2892 vasa
513 2811 680 2918 'splenico
701 2827 832 2892 mirum
857 2829 894 2890 in
917 2821 1069 2891 modum

82 2954 111 3010 et
123 2937 366 3038 longitudine,
384 2953 421 3008 ct
436 2944 647 3037 capacitate
660 2925 794 3023 auctu5
808 2938 999 3008 neminem
1018 2953 1067 3009 ta·

83 3079 155 3128 men
167 3060 303 3157 legisse·
316 3057 491 3144 memini,
509 3058 575 3153 qui
593 3057 632 3126 in
648 3055 834 3151 ejusmodi
850 3054 997 3130 casibus
1011 3055 1070 3126 di-

83 3173 243 3272 ligentins
263 3196 375 3273 quam
399 3170 648 3258 Manfredius,
677 3171 805 3244 funem
832 3171 1070 3270 descripserit

82 3293 321 3388 splenicorum
339 3316 526 3362 vasorum.
549 3295 731 3362 Craterum
750 3289 856 3387 quod
876 3289 922 3360 ad
940 3315 1067 3364 causas

82 3412 197 3481 attinet
216 3409 342 3480 morbi
358 3409 489 3504 hujus,
507 3433 671 3506 agnosco
689 3407 843 3504 quidem
860 3409 971 3480 nimis
981 3435 1052 3479 auc
1068 3461 1070 3466 -

83 3541 148 3598 tum
163 3529 270 3598 lienis
288 3525 460 3626 pondus,
481 3552 559 3623 quo
579 3525 819 3598 membranea
836 3525 1006 3613 vincula,
1022 3526 1068 3598 ad

86 3633 210 3742 sepium
229 3661 485 3715 transversum
509 3645 762 3732 annectenda,
781 3644 975 3728 laxentur,
1006 3658 1076 3720 aut

798 3822 1063 3839 mmm-nn·—

113 3917 148 4009 (ί)
165 3938 196 3989 P.
214 3953 246 4002 1,
265 3930 333 3985 obs.
351 3929 425 3984 med.
445 3936 490 3994 14.

116 4027 149 4107 (a)
168 4033 238 4088 Obs.
256 4039 341 4086 anat.
361 4026 432 4083 chir.
450 4027 497 4081 62.
