2814 4674
149 462 210 509 cm.
236 459 289 506 ιιι.
318 458 365 505 cr
389 427 846 526 norsrsvrrrnts‚rn1sr.
874 466 993 518 ιιιιιιιιι.
1046 447 1092 522 83
1122 537 1126 552 .
1174 535 1178 542 ¹

106 599 181 647 cum
201 575 367 646 adhunc
384 578 620 671 neutiquam,
638 576 781 649 sedant
801 577 846 648 sd
860 583 989 658 vesicae
1005 581 1093 659 fuu-

104 693 203 785 dum(
209 699 242 781 ι)
252 689 370 764 autad
378 689 487 762 aliam
496 692 658 787 aliquam
670 695 877 790 proximam
891 705 1092 800 pattendo)

103 814 301 884 attinerent.
327 813 469 879 Verum
494 833 541 879 ne
563 807 610 878 ob
632 826 807 908 suscepto
827 813 873 886 de
891 815 1091 902 skirrhosis

103 929 249 998 externis
267 925 471 1000 tuberculis
490 949 663 1000 sermone
679 927 931 1021 discedamus,
955 935 1032 1008 imo
1049 953 1092 1010 ut

101 1070 176 1116 eum
194 1044 447 1131 absolvamus3
476 1041 619 1114 silente
648 1055 810 1142 queres,
842 1075 917 1146 que
944 1055 1090 1128 ratione

102 1161 278 1233 skirrhosu
293 1160 462 1258 quaedam
474 1158 670 1231 tubercula
682 1163 841 1234 inveniri
851 1169 996 1262 possint
1008 1195 1090 1266 ques

100 1303 157 1376 per
171 1279 422 1377 angustiorem
440 1276 699 1374 pedunculum
712 1279 758 1351 ab
774 1296 901 1372 utero,
918 1300 960 1358 ut
972 1290 1089 1385 Ruys-

100 1396 212 1470 chium
224 1395 358 1467 vidisse
375 1395 553 1484 diximus,
568 1411 663 1468 outa
678 1399 884 1472 visceribus
899 1403 979 1476 aliis
998 1428 1088 1502 pen·

101 1513 211 1601 deant3
231 1511 300 1585 etsi
317 1539 395 1584 non
412 1537 490 1584 uno
502 1512 616 1583 modo
636 1514 793 1611 intelligi
808 1515 846 1586 id
864 1529 1009 1612 potest3
1027 1521 1089 1596 hic

100 1645 207 1704 umen
223 1634 309 1707 satis
328 1631 422 1701 mihi
436 1632 506 1703 erit
522 1631 628 1705 illum
642 1629 710 1700 tibi
732 1631 770 1702 in
793 1637 1013 1710 memoriam
1030 1665 1089 1714 re-

101 1747 230 1847 digere,
242 1773 321 1848 quo
334 1747 502 1822 similiter
518 1747 727 1846 pendentes
739 1748 952 1846 hydatides,
972 1770 1009 1827 et
1023 1754 1087 1828 ha·

103 1889 187 1957 rum,
205 1864 327 1941 elluso
341 1865 520 1952 humore,
534 1865 573 1934 in
591 1864 685 1936 dura
702 1865 899 1940 tubercula
916 1873 1087 1946 mutatio-

102 2009 169 2055 nem
190 1985 383 2084 superiore
400 1983 558 2081 epistola
579 1983 634 2081 (3)
654 1984 854 2080 explicavi3
875 2011 962 2057 nam
979 2003 1088 2066 utero

105 2123 235 2200 quoque
253 2123 337 2173 suos
356 2125 435 2172 esse
454 2093 667 2196 hydatides',
693 2100 832 2174 ibidem
854 2105 1011 2198 (essetis
1030 2131 1086 2178 os·

106 2231 229 2291 tensum
254 2231 320 2290 est.
349 2219 417 2288 ltic
440 2232 563 2288 autem
586 2216 633 2288 ab
654 2219 751 2289 uteri
779 2221 992 2294 tumoribus
1008 2224 1086 2317 jam

106 2335 137 2404 ad
149 2338 361 2408 ovariorum
378 2349 545 2415 tumores
557 2349 614 2405 est
625 2335 915 2420 transeundum:
934 2338 982 2410 de
1002 2342 1085 2436 qui·

106 2449 155 2526 bus
181 2467 305 2526 tamen
332 2477 446 2536 nunc¹
461 2467 567 2524 tanto
587 2453 764 2550 pauciora
789 2453 904 2525 verba
930 2452 1084 2546 faciam,

108 2587 223 2664 quanto
239 2571 350 2670 plura
369 2569 537 2641 facienda
560 2567 713 2642 fuerunt
729 2569 860 2642 litteris
878 2575 1083 2669 superiori-

107 2682 171 2778 bus,
190 2689 238 2760 ad
258 2713 340 2786 quae
358 2687 436 2760 hoec
452 2711 605 2784 quoque
622 2687 764 2784 poteris
779 2687 993 2786 adjungere.

141 2805 184 2903 37.
211 2805 350 2880 Mulier
371 2818 614 2893 amoenata,
642 2817 684 2873 ut
711 2802 909 2874 videbatur
935 2806 1082 2886 circiter

111 2923 347 3022 quadraginta,
368 2923 470 3018 gravi
496 2923 595 2992 intra
630 2919 824 2992 thoracem
848 2919 983 2990 morbo
1014 2948 1082 3020 op·
1104 2964 1106 2970 ·

111 3055 225 3129 pressa,
254 3063 339 3112 sero
371 3037 466 3110 adeo
491 3041 531 3108 in
562 3037 798 3111 Bononiense
818 3039 1082 3112 nosocomium

113 3153 133 3218 S.
146 3157 255 3228 llariae
272 3158 319 3233 de
338 3171 460 3230 morte
481 3155 550 3228 sub
570 3154 683 3227 finem
704 3155 831 3252 aprilis
856 3156 946 3238 anni
967 3157 1082 3252 1706,

113 3263 181 3344 illata
194 3273 337 3362 suerat,
355 3288 398 3344 ut
410 3298 503 3346 ¹mon
518 3272 668 3362 obiens,
688 3270 827 3369 quibus
845 3273 885 3342 in
901 3274 975 3344 vita
993 3295 1081 3352 oon·
1187 3257 1192 3268 ¹

115 3379 216 3463 lieuta
236 3404 331 3463 esset
357 3389 624 3479 incommodis,
648 3391 838 3462 neminem
861 3389 999 3463 docere
1016 3415 1081 3488 po·
