2740 4670
112 437 182 494 tts.
212 443 267 492 ru.
295 437 343 491 un
369 442 505 490 nonnis
525 435 696 506 tourins,
721 443 834 490 nrrsr.
861 443 964 528 xmu.
993 421 1064 509 413
1147 477 1148 481 ,

57 561 155 632 ultra
173 582 361 632 summam
383 556 545 628 testiculi
556 571 699 655 partem
711 557 993 630 extendebatur.
1011 563 1069 630 Iu-

58 694 114 750 tus
130 691 212 750 erat
234 676 352 764 laevis,
371 699 550 772 excoque
570 689 766 746 omentum
788 675 895 747 nullo
914 679 1068 775 negotio

57 797 93 865 in
116 795 265 866 ventris
296 817 447 864 caveam
472 791 673 867 reductum
694 808 758 864 est.
785 795 924 866 Hernia
943 779 1067 867 antem

60 912 174 984 altera
199 910 247 982 ad
272 909 563 986 huncmodum
594 934 632 982 se
652 907 837 1008 habebat.
864 915 951 983 Erat
975 913 1070 985 alter

60 1030 228 1102 saecu-lus
258 1029 396 1126 priore,
408 1027 530 1098 multo
553 1028 695 1115 minor,
727 1029 870 1129 quippe
895 1029 1070 1103 testiculo

60 1172 136 1218 non
154 1147 330 1245 longior,
349 1147 436 1217 satis
452 1160 579 1218 tamen
599 1145 784 1234 latus‚.ex
801 1146 881 1216 laevi
911 1161 948 1218 et
969 1137 1072 1220 inse*

61 1265 219 1364 parabili
255 1262 375 1336 factus
413 1262 656 1352 membrana,
691 1260 896 1334 subflavam
933 1291 1071 1364 aquam

64 1384 275 1455 continens.
307 1385 344 1454 Is
363 1381 525 1454 testiculi
556 1380 675 1452 multo
703 1382 903 1454 maximam
924 1401 1099 1481 partem.

65 1500 260 1599 cingebat,
282 1501 422 1597 quippe
447 1498 563 1570 latera
589 1499 679 1570 hinc
698 1515 737 1572 et
753 1498 843 1571 hinc
867 1503 1073 1577 arctissime
1139 1568 1141 1572 ,

66 1619 307 1693 committens
323 1640 493 1694 suarum
510 1640 552 1689 ea
570 1615 674 1688 dorsi
691 1616 852 1688 testiculi
868 1633 973 1715 parte
989 1645 1073 1717 quac

66 1735 245 1832 utrinque
275 1732 500 1813 secundum,
517 1731 794 1832 longitudinem
827 1733 1075 1833 epididymidi

67 1868 140 1924 erat
161 1852 419 1950 promtum-,ut
443 1849 521 1922 haec
541 1850 725 1948 particula
751 1867 854 1927 extra
881 1853 1073 1926 sacculum

67 1983 157 2041 esset
173 1983 266 2040 tota»
303 2013 307 2020 ·
693 2038 694 2041 ,

113 2087 168 2158 32.
186 2088 264 2178 Qui
281 2085 521 2183 albugineam
534 2087 703 2156 tunicam
713 2080 757 2158 ‘in
773 2086 867 2161 duas
884 2089 1072 2168 membra·
1183 2145 1184 2154 κ

67 2223 127 2274 nas
142 2201 244 2274 facili
263 2219 301 2276 et-
316 2201 491 2300 aequabili
503 2201 689 2278 divisione
707 2203 809 2279 haud
829 2209 945 2280 semel
962 2209 1071 2282 didu·
1165 2185 1168 2194 i

66 2321 177 2393 nerim
202 2321 277 2416 (ι),
300 2321 346 2392 cl.
368 2335 494 2402 autem
510 2320 823 2420 'l'eichnreyerum
842 2327 900 2423 (2)
923 2327 1070 2400 videam
1094 2367 1096 2374 ·

67 2435 101 2506 id
124 2437 291 2536 benigne
320 2453 536 2536 ,augentem
569 2437 897 2541 affirnrantcmque
929 2451 967 2517 t'n
997 2463 1071 2518 tres

68 2554 244 2637 evidentes
258 2561 403 2657 tunicas
416 2563 736 2655 separarc‘posso;
755 2563 945 2633 sacculum
965 2564 1072 2636 hunc

69 2671 251 2746 minorem
270 2673 495 2746 crediderim
512 2699 557 2744 ex
577 2699 706 2747 earum
727 2677 876 2751 duabus
890 2678 937 2751 ab
949 2683 1072 2753 intor-

69 2791 182 2882 posita
201 2816 301 2889 aqua
328 2788 529 2880 effectum,
553 2791 658 2888 quod
683 2792 906 2893 hydroceles
929 2824 1071 2896 genus,

71 2906 244 2982 disiforte
270 2934 289 2980 a
311 2908 481 2982 Fabricio
498 2925 631 2982 nostro
648 2911 703 3008 λ(3)
724 2913 932 2987 indicatum
960 2919 1071 3002 velis⁴
1178 2999 1182 3009 x

71 3027 192 3098 nescio
209 3051 259 3098 an
271 3025 318 3098 ab
334 3025 414 3106 aliis
435 3042 544 3100 antea
563 3023 676 3102 fuerit
694 3030 927 3106 adnotatum.
944 3039 1073 3111 Genus

75 3156 191 3214 autem
208 3143 303 3216 illud
326 3141 430 3241 quod
446 3144 517 3216 viri
531 3131 760 3244 caeteroquin
777 3149 982 3224 doctissimi
1000 3154 1072 3230 tre·
1095 3167 1100 3176 ‘

73 3264 452 3354 quentissimumtesse
469 3263 599 3349 aiunt‚·
617 3278 655 3335 et
681 3289 774 3363 eg0‚
803 3295 873 3341 nec
906 3273 986 3345 sine
1006 3299 1072 3346 cu·

73 3377 172 3450 randi
183 3365 315 3478 ,ipsum
339 3377 476 3468 modo,
501 3381 542 3452 in
558 3380 622 3456 itta
637 3381 921 3460 introductione
940 3391 995 3488 (4)
1031 3420 1071 3492 g-

78 3537 1074 3598 ⁴-.——---—-——--‘---..
