2810 4668
180 457 249 504 mn.
277 456 333 505 111.
362 435 898 521 onnonnrsvuurnr's,ur1sr.
926 461 1039 508 xtvu.
1068 435 1139 531 617

131 587 282 642 runtur.
304 576 438 642 Parum
458 561 672 642 dotaverint
694 571 767 658 illi,
786 597 924 662 necne,
944 574 1034 671 ipsis
1056 599 1142 670 per-

130 688 258 774 lectis,
278 688 515 760 existimabis.
537 688 631 762 Mihi
647 688 802 784 quidem
823 677 955 788 siepius
975 692 1048 760 visa
1068 706 1141 780 est,

130 831 248 904 quam
265 807 488 892 voluissem,
505 807 648 905 quippe
671 815 749 877 non
765 807 880 880 modo
905 809 1145 904 insanabilis,

59 983 62 990 .
134 923 202 999 sed
222 924 390 996 levamen
409 927 470 996 vix
488 923 642 1022 aliquod
656 927 696 994 in
710 925 906 996 nonnullis
925 925 1144 1013 admittenS,

132 1043 175 1112 in
191 1041 346 1140 quibus,
366 1044 520 1142 opinor,
539 1031 709 1140 vag'inam
725 1044 843 1140 magis
861 1041 1066 1127 afficieban
1087 1042 1144 1114 hae

133 1185 320 1258 namque,
334 1163 464 1259 paucis
476 1161 598 1258 unciis
611 1161 775 1232 recentis
792 1161 897 1264 lactis
913 1163 950 1230 in
966 1187 1042 1259 quo
1056 1177 1144 1259 pau-

131 1279 1147 1377 xillumsolutumessetcompositionisalicujusopinm'
1214 1341 1217 1348 .

131 1395 327 1484 habentis,
348 1399 387 1468 in
407 1411 553 1468 rectum
577 1397 798 1496 intestinum
820 1396 889 1468 sub
913 1413 1073 1494 noctem*
1087 1399 1144 1468 iu-

130 1513 260 1610 jectis,
282 1512 437 1584 brevem
465 1513 639 1610 quidem,
666 1511 732 1584 sed
748 1514 1020 1610 optatissimam
1039 1515 1150 1610 qirie·‚

133 1645 211 1726 terp
241 1630 449 1728 capiebant.
480 1636 532 1700 Ex
557 1631 602 1701 iis
623 1646 749 1702 tamen
770 1629 940 1726 quaedam
967 1628 1055 1716 luit,
1082 1630 1143 1701 cui

132 1749 255 1846 prima
268 1765 383 1844 nocte
396 1748 491 1849 nihil
503 1746 542 1817 id
557 1745 716 1844 profuit,
731 1747 795 1820 sed
811 1747 1010 1845 postridie,
1027 1747 1144 1850 idque

135 1881 363 1938 constanter.
383 1866 512 1938 Eidem
530 1867 562 1944 si
577 1867 708 1962 opium
727 1865 853 1952 dares,
873 1865 1049 1937 dolorum
1064 1867 1144 1964 qui-

134 1983 221 2054 dem
245 1984 526 2078 remissionnem,
543 1998 581 2055 et
602 1999 779 2055 somnum
803 1981 1049 2072 conciliabat3
1077 1984 1144 2056 sed

136 2085 239 2172 hunc
259 2102 290 2176 is
309 2103 445 2200 mentis
465 2117 597 2200 stupor
617 2101 845 2202 excipiebat,
865 2115 907 2173 ut
927 2093 1022 2200 aegra
1049 2129 1143 2204 ques
1164 2097 1167 2104 ’

135 2234 292 2290 reretur.
314 2221 426 2318 Signa
444 2235 569 2292 tamen
583 2275 593 2306 ,
606 2221 717 2318 'quod
735 2219 783 2290 ad
810 2219 971 2292 fluorem
990 2224 1144 2312 attinet,

135 2363 251 2435 quern
276 2339 519 2436 potissimum¹
540 2338 603 2438 bic
629 2354 842 2436 spectamus
864 2364 1144 2438 nonnunquam

136 2482 180 2530 ex
201 2471 307 2554 parte
332 2456 434 2526 varia
458 2453 565 2526 fiunt.
581 2445 731 2554 Legesis
748 2454 954 2550 Graafii(t)
968 2456 1144 2530 observa-

136 2575 297 2660 tionem,
318 2596 404 2644 cum
432 2571 657 2670 dissectione
683 2573 945 2674 conjunctam,
964 2597 1078 2670 quam
1103 2576 1143 2646 in

135 2693 301 2766 sectione
332 2691 403 2790 hac
428 2689 668 2788 Sepulchreti
691 2694 845 2790 XXXVI
865 2692 1041 2762 omissam
1064 2711 1143 2766 esse
1177 2694 1181 2703 ’

133 2810 495 2908 plurimum-miror.
526 2807 700 2896 Videbis,
721 2809 942 2904 acerrimam
966 2809 1142 2906 quidem,

134 2925 201 3026 sed
221 2911 390 3030 ¹concreti
410 2925 609 3009 albuminis
633 2930 746 2996 instar
775 2923 1002 3024 albicantem
1026 2943 1143 2998 mate-

133 3045 228 3140 riam
248 3069 293 3115 ex
314 3031 425 3142 iitepo
443 3042 608 3140 undique
627 3058 696 3114 aut
722 3043 938 3116 exulcerato
966 3059 1035 3116 aut
1053 3047 1143 3116 slir-

131 3162 245 3232 rhoso
268 3162 308 3230 in
326 3162 501 3267 vaginam
525 3159 773 3258 descendisse.⁴
792 3165 864 3232 Aut
886 3161 1010 3263 relege
1024 3163 1144 3269 hiim?

132 3279 226 3349 riam
243 3304 263 3348 a
278 3277 390 3350 nobis
409 3277 566 3376 epistola
580 3281 735 3374 XXXIX
747 3279 805 3375 (a)
821 3277 890 3348 tibi
902 3278 1141 3381 descriptam.

133 3395 430 3493 Amplissimum
445 3393 637 3470 skirrhum
659 3396 869 3492 ¹incervice
891 3397 1006 3483 uteri,
1024 3412 1061 3468 et
1079 3423 1143 3484 va-

134 3515 221 3611 gina
256 3511 373 3584 ferme
400 3527 478 3608 tota
505 3513 763 3612 exulceratum
801 3510 914 3584 fuisse
939 3514 1146 3614 intelligeS,

134 3633 186 3704 sic
206 3648 247 3702 ut
267 3658 311 3704 ex
336 3631 508 3703 ulcerum
536 3631 646 3701 certis
674 3629 843 3728 partibus
865 3630 949 3702 alba
975 3631 1143 3704 defluere

139 3797 1142 3831 --—------t--·------.--..-..........

176 3901 217 3982 (ι)
240 3907 285 3968 De
298 3904 415 3962 mulier.
433 3924 536 4000 orgari.
557 3925 582 3977 c,
598 3925 626 3992 95
672 3889 713 3998 '⁴
785 3973 788 3980 Ι

177 4002 221 4080 (a)
242 4005 279 4060 N.
303 4003 350 4060 33.
700 3994 702 4002 γ
