2810 4668
320 431 393 508 626
486 451 532 498 nn
558 449 704 499 sturnus
729 453 773 498 rr
798 449 922 500 causis
948 451 1153 500 nonnonnn

318 565 532 642 manifestae.
586 567 830 638 Meminerant
882 579 1006 637 autem
1056 567 1155 666 apud
1199 571 1293 664 Ruys·
1326 587 1331 604 ·
1371 591 1372 614 ι

317 687 446 758 chium
468 683 522 780 (ι)
544 681 699 780 legisse,
729 684 797 754 etsi
829 679 1143 780 protrtlierantiaa,
1165 708 1239 780 qaae
1265 690 1293 752 in
1371 707 1372 714 ¹

317 807 443 877 vaccis
457 817 601 874 uterum
611 801 822 895 gerentibus
839 805 1098 898 reperiuntur,
1117 817 1153 873 et
1165 827 1235 898 qne
1254 800 1296 870 nil
1371 809 1372 864 i

317 927 390 992 nisi
402 922 673 1016 efflorescentia
690 922 837 986 uten'na
847 933 955 1005 sunt,
966 942 1052 1015 quae
1066 929 1223 1017 tempore
1230 943 1295 1015 gra·
1371 903 1372 954 t

319 1037 482 1110 viditatis
501 1059 545 1104 eo
562 1033 643 1104 loco
665 1033 975 1126 ubtconnectitur
999 1033 1114 1107 tortus
1124 1036 1295 1134 phocaru-
1371 1063 1372 1138 j

319 1155 381 1241 lis,
399 1161 436 1223 in
455 1167 635 1223 tunaorom
648 1150 855 1238 attollitur,
881 1177 958 1223 non
987 1155 1255 1252 conspiciantur
1267 1154 1294 1221 in
1371 1175 1372 1178 ’

316 1269 557 1357 mulieribus,
572 1268 661 1340 dum
674 1284 820 1340 uterum
833 1271 983 1360 lerunt,
1006 1285 1133 1342 tamen
1150 1295 1191 1343 eo
1212 1269 1294 1357 loco,

219 1459 224 1466 ,
315 1388 384 1458 ubi
393 1387 573 1486 placento
586 1412 625 1457 se
640 1411 679 1458 se
699 1401 806 1457 utero
823 1387 1012 1485 applicat,
1040 1393 1139 1458 uteri
1160 1393 1295 1460 tunnam

317 1511 528 1576 interiorem
548 1503 722 1575 nonnihil
736 1528 830 1574 seue
850 1511 888 1573 in
905 1519 1089 1576 tumorem
1108 1517 1296 1603 quoquere·
1371 1531 1372 1564 1

317 1623 456 1694 tollere.
468 1621 540 1693 Sed
559 1637 690 1693 contra
705 1621 1053 1694 animadvertebam
1072 1624 1190 1697 videri
1206 1628 1298 1718 Ruys·
1371 1663 1372 1690 t

208 1827 212 1844 Ι
317 1739 1297 1837 chiumnonattendisse‚invaccisjamindeabortneas
1371 1727 1372 1740 ¹

315 1859 617 1957 protuberantias
635 1873 800 1944 exstare,
827 1883 965 1957 easque
979 1861 1018 1928 in
1037 1857 1295 1960 praegnantibus

316 1973 754 2073 amplificariduntaxat,
778 1989 822 2046 ut
847 1975 1011 2072 reliquas
1044 1980 1161 2047 uteri·
1177 1990 1297 2075 partes,

313 2117 458 2189 neque,
477 2093 580 2162 inani
593 2107 723 2188 postea
738 2093 1020 2189 constringente
1039 2118 1076 2165 se
1090 2107 1200 2166 utero
1212 2147 1220 2182 ,
1234 2115 1296 2163 eva·

314 2233 466 2280 nascere
487 2233 574 2278 cum
593 2209 624 2279 is
649 2207 743 2280 ‘levis
767 2209 966 2281 mutiebris
994 2212 1122 2283 intimi
1147 2213 1236 2284 uteri
1255 2227 1298 2280 tu·

314 2351 399 2398 mor
414 2326 569 2423 (dequo
587 2325 675 2396 alibi
695 2325 908 2398 videbimus
926 2329 1050 2425 qualis
1063 2332 1137 2418 sit,
1156 2303 1248 2402 etan
1263 2328 1297 2398 sit

314 2444 362 2515 ab
383 2469 424 2515 ea
439 2445 536 2515 uteri
547 2443 711 2542 tunica),
727 2470 796 2516 nec
815 2461 1017 2542 antequam
1034 2446 1206 2545 pla-centa
1221 2471 1253 2520 se
1266 2469 1297 2514 se

314 2563 574 2672 arctiquteno
591 2561 836 2659 applicuerit,
863 2587 933 2634 nec
952 2581 1154 2662 postquam
1171 2580 1297 2646 uterus,

314 2677 407 2751 foetu
445 2678 568 2766 edito,
600 2680 687 2750 satis
710 2703 748 2750 se
778 2683 1030 2769 contraxerit,
1067 2684 1180 2755 nobis
1206 2703 1297 2780 appa-

312 2813 392 2869 reat
413 2823 421 2866 ε
442 2821 565 2894 neque
596 2819 684 2868 sane
719 2811 811 2868 tunc
838 2823 993 2896 quoque
1025 2800 1097 2872 sibi
1127 2822 1296 2900 apparere,

313 2913 521 3011 Ruyschius
551 2913 660 2985 dicat.
704 2917 911 2988 Praesertim
943 2933 1068 2988 autem
1094 2915 1296 2991 recordabar

193 3041 198 3049 “
314 3030 482 3127 ejusdem
514 3027 642 3100 formae
674 3034 943 3105 excrescentias
967 3035 1006 3103 in
1025 3037 1203 3134 virgineis
1219 3055 1296 3132 quo·

313 3173 388 3247 que
405 3149 541 3234 uteris,
569 3161 634 3217 aut
648 3163 750 3219 cente
772 3173 902 3221 earum
926 3175 1013 3248 quae
1035 3177 1227 3252 nunqnam
1246 3174 1295 3248 pe·

228 3263 231 3270 ’
312 3267 515 3363 perissent,
527 3287 547 3334 a
557 3289 617 3336 me
632 3289 712 3336 esse
725 3267 916 3353 inventas,
936 3267 1039 3342 velut
1055 3271 1098 3351 in
1119 3272 1187 3343 hac
1202 3289 1293 3367 quau

313 3383 486 3478 protinus
496 3379 712 3476 subjiciam,
730 3381 900 3454 historia.

320 3521 322 3526 ·
362 3498 418 3570 33.
429 3498 583 3586 Vetula,
599 3523 681 3594 quae
697 3498 748 3569 ob
761 3502 885 3572 cruris
897 3497 1136 3576 ulcueouimn
1150 3506 1190 3574 in
1204 3523 1292 3573 noso·

312 3627 478 3684 comtum
509 3629 662 3711 excepta
685 3619 827 3706 imant,
843 3617 936 3690 dum
955 3617 1008 3689 ibi
1025 3645 1108 3692 non
1123 3620 1291 3691 iflibenter
1369 3627 1370 3630 ’

345 3982 386 4064 (ι)
409 3983 496 4044 Thea.
510 3998 588 4044 auat.
604 3986 636 4058 5,
651 3989 682 4045 in
696 3989 856 4048 finArcula
871 3991 902 4065 3,
916 4011 947 4048 ιι.
965 4013 989 4048 ι.
