2790 4668
137 457 202 504 mu.
230 457 285 502 111.
313 455 360 502 or
386 455 522 502 uoums
546 455 715 520 vaurms,
741 457 851 504 misr.
879 459 975 506 xmv.
1003 433 1073 522 46,

83 595 143 642 rus
162 570 346 657 laesiones,
370 569 504 640 sicum
528 567 598 639 illae
614 584 792 666 urgerent
811 570 925 671 olim,
960 570 1076 644 disse-

84 688 247 759 cuissem.
381 773 385 780 Ι
1007 765 1010 769 ,

126 830 158 901 9.
178 805 315 903 Legisti
338 804 439 873 enim
463 803 577 899 paulo
600 816 686 874 ante
708 800 762 900 (1)
782 803 821 872 in
842 803 907 874 illo
936 805 1075 901 juvene

83 947 190 1018 quem
227 936 371 992 vetusta
404 919 632 1018 gonorrhoea
660 921 756 990 male
789 919 989 1008 habuerat,
1016 923 1077 992 vix
1117 909 1123 922 ’

79 1046 215 1127 buum,
233 1063 398 1134 eumque
416 1051 636 1135 angustum,
656 1053 693 1107 et
706 1036 880 1126 brevem,
905 1063 1076 1110 meorum

84 1155 371 1226 canaliculorum
387 1152 499 1225 fuisse
515 1154 763 1250 superstitem.
794 1157 865 1224 Vix
890 1180 989 1227 unus
1011 1181 1077 1252 pa·
1108 1247 1110 1254 y

84 1273 167 1344 riter
183 1273 222 1342 in
241 1271 406 1368 quodam
425 1270 554 1365 bajulo
571 1272 770 1367 apparuit,
796 1295 917 1366 qum¹
928 1298 973 1342 ex
990 1294 1077 1344 casu

82 1389 124 1462 ab
148 1390 223 1462 alto
250 1377 462 1477 mortuum,
495 1388 563 1459 ubi
582 1387 628 1460 de
651 1387 890 1476 vulneribus,
922 1389 1077 1462 ictibus·

84 1533 151 1603 que
173 1506 225 1600 (2)
250 1522 403 1606 agetur,
430 1505 658 1594 describam,
687 1507 793 1602 cujus
826 1505 980 1578 urethra
1004 1529 1079 1602 qua

82 1625 177 1698 alteri
199 1626 306 1696 lateri
324 1628 472 1696 coronae
487 1623 632 1720 glandis
648 1621 921 1720 respondebat,
943 1626 1077 1694 veteris

82 1741 232 1815 laesionis
250 1741 421 1814 seruabat
439 1741 631 1812 indicium.
652 1745 785 1838 Neque
799 1736 880 1812 uuo'
895 1741 1022 1839 plures
1037 1743 1075 1812 in

83 1863 277 1959 peregrino
304 1884 392 1932 sene
414 1860 581 1956 reliquos
612 1856 725 1931 fuisse
750 1859 995 1946 canaliculos,
1022 1861 1075 1930 vi-

84 1977 160 2050 disti
177 1979 334 2078 epistola
352 1981 450 2048 XLII
478 1977 549 2073 (3),
570 2002 653 2048 cum
675 1979 1014 2076 glauscicatricosa
1041 1994 1077 2050 et

84 2095 228 2168 urethra
254 2095 358 2167 valde
381 2111 591 2182 contracta,
609 2095 703 2192 quid
722 2097 813 2166 olim
831 2097 1076 2192 praecessisset

85 2213 218 2301 morbi,
247 2214 474 2286 indicarent:
506 2215 584 2284 imo
604 2238 652 2285 ne
682 2238 800 2283 unum
820 2214 972 2311 quidem
1000 2239 1078 2284 am·

84 2331 173 2427 plius
186 2328 435 2429 superfuisse,
455 2331 625 2427 indidem
642 2331 700 2427 (A)
716 2333 814 2404 nosti
829 2334 868 2402 in
883 2334 1021 2428 juvene
1037 2335 1075 2404 in

86 2447 945 2546 quoillaeademindicianondeerant;nequid
955 2445 1076 2522 dicam

85 2565 126 2636 de
147 2569 225 2638 viro
250 2567 338 2640 alibi
356 2565 412 2663 (5)
429 2565 690 2638 describendo.
723 2565 825 2636 Nihil
853 2582 977 2638 autem
1001 2571 1080 2640 veri

85 2684 233 2756 similius
265 2699 343 2768 est,
370 2708 483 2781 quam
505 2683 553 2754 ab
579 2683 895 2771 inflammatione,
915 2699 952 2755 et
973 2685 1078 2755 exul-

86 2804 311 2878 cerationein
322 2801 536 2873 canaliculis
547 2801 698 2872 demum
707 2816 805 2888 orta,
821 2816 954 2874 tenues
967 2827 1081 2874 mem-

21 2979 27 2988 .
85 2914 238 2990 braneos
271 2920 439 3015 ipsorum
462 2919 622 3015 parietes
652 2919 811 2988 alterum
838 2917 886 2988 ad
919 2919 1078 2990 alterum

86 3033 292 3124 adhaesisse,
311 3060 522 3132 cavumque
550 3039 802 3133 interceptum
823 3039 875 3107 sic
906 3038 1079 3134 periisse:

86 3147 189 3256 fuisse
208 3154 309 3226 enim
325 3155 364 3222 in
384 3153 447 3230 illa
465 3154 595 3226 eadem
613 3153 776 3236 urethrae
801 3170 904 3252 parte
934 3153 1082 3227 exulce-

87 3271 259 3356 rationes,
278 3273 481 3342 coarctatio
493 3271 635 3342 ibidem
650 3273 778 3368 ,quin
807 3273 918 3343 etiam
937 3273 978 3342 in
1003 3275 1083 3372 ipsa
