2814 4674
319 375 365 456 (ia
417 383 443 472 ἰ
487 409 533 454 nn
560 402 705 453 sumnus
730 405 774 452 ur
801 395 925 454 ciuus
951 403 1162 462 nonnosum

319 521 421 608 unde
438 523 469 594 si
488 545 618 618 rursus
635 519 838 607 accideret,
858 519 957 592 illius
972 481 1104 602 uitum
1123 537 1350 628 ,cognosce-

318 655 434 711 retur.
456 637 663 711 Columbus
680 652 806 711 tamen
819 636 872 734 (ι)
890 637 1059 734 quaedam
1075 641 1352 744 interjecerat,

320 757 422 830 unde
440 772 548 830 notas
572 757 748 854 colligere
768 779 965 852 possemus
986 757 1192 838 nonnullas
1210 760 1263 834 ad
1283 762 1350 866 ip-

323 899 401 952 sam
421 873 763 950 internoscendam.
797 875 1065 966 Quamobrem,
1093 875 1238 988 iuquit,
1260 905 1350 952 me*

195 1067 199 1077 ,
321 993 404 1078 dico
425 993 559 1065 licebat
574 991 759 1064 abdomen
779 989 990 1066 cardinalis
1009 1001 1229 1080 attrectanti
1253 1023 1347 1080 ma-

317 1137 404 1210 gnae
422 1118 574 1192 orterioe
591 1125 731 1183 motum
738 1116 969 1208 persentire,
997 1126 1034 1182 et
1053 1137 1131 1184 ona
1154 1138 1238 1198 cum
1265 1114 1345 1197 illa

320 1229 473 1302 durities
490 1229 801 1327 persentiebotur.
826 1224 901 1297 Illa
927 1253 1019 1298 vero
1052 1229 1207 1302 durities
1240 1230 1350 1312 nihil

319 1346 429 1434 eliud
447 1363 544 1436 erat,
569 1371 683 1442 quom
708 1347 965 1418 vertebrorum
988 1361 1161 1448 corporo.
1182 1349 1343 1440 Quibus

321 1491 391 1564 ego
409 1465 556 1550 indiciis
568 1466 624 1537 uti
640 1489 718 1548 non
728 1463 836 1561 potui
848 1465 886 1533 in
904 1464 1088 1554 antistite,
1106 1491 1193 1540 oum
1211 1467 1341 1545 abdo-

320 1609 409 1661 men
429 1582 479 1664 ob
500 1608 582 1655 eam
600 1607 749 1654 causam
767 1605 850 1680 quae
870 1605 984 1680 supra
1002 1583 1055 1680 (ᾳ)
1073 1583 1237 1670 indicata
1259 1600 1340 1674 est,

319 1699 418 1784 infra
433 1699 654 1772 umbilicum
674 1724 752 1770 non
774 1684 1050 1773 attrectaveriin
1065 1727 1073 1769 :
1090 1715 1127 1782 et
1146 1703 1176 1777 si
1192 1717 1337 1782 attrec-

319 1835 473 1908 tassem,
491 1819 610 1890 multa
623 1816 854 1917 pinguedine
866 1817 1116 1916 impediente,
1132 1835 1338 1908 neutrum,

319 1939 477 2036 opinor,
496 1937 766 2035 percepissem,
781 1935 981 2036 minusque
998 1938 1142 2011 arteriae
1166 1962 1336 2036 maguae,

318 2071 384 2129 aut
398 2056 605 2154 primarum
617 2051 809 2126 iliacarum
826 2069 988 2141 motum,
1002 2079 1089 2140 cum
1109 2056 1244 2154 pulsus
1256 2082 1333 2134 nec

317 2172 452 2261 validi,
468 2197 539 2244 nec
554 2171 681 2269 magni
695 2187 839 2243 essent:
867 2196 961 2268 quas
988 2171 1038 2244 ob
1056 2197 1184 2260 causas
1200 2199 1334 2278 neque

317 2289 472 2378 medici,
483 2314 607 2386 neque
619 2309 716 2386 aeger
724 2288 901 2361 videntur
915 2289 1234 2392 animadvertisse,
1246 2318 1332 2373 nou

318 2407 681 2506 negaturialioquin,
691 2403 788 2494 infra
797 2406 1020 2498 umbilicum
1029 2409 1237 2510 quidquam
1247 2437 1334 2514 per-

319 2525 394 2624 cipi
403 2540 538 2625 praeter
547 2540 686 2614 naturae
696 2525 1023 2600 consuetudinem.
1038 2531 1180 2614 Verum
1193 2529 1233 2612 in
1245 2531 1332 2640 qui·

316 2643 390 2719 hus
403 2644 529 2723 minus
539 2642 780 2741 pinguedinis
790 2641 978 2724 abdomen
991 2643 1145 2736 habeat,
1156 2670 1234 2722 non
1248 2647 1331 2726 inu·

262 2759 264 2766 ’
312 2761 397 2850 tiles
413 2775 526 2848 erunt
544 2759 600 2843 hae
620 2778 735 2854 notae,
755 2759 964 2860 dummodo
986 2787 1057 2848 nec
1079 2763 1327 2864 pinguedinis

315 2879 413 2966 nihil
439 2881 501 2969 sit,
525 2893 562 2952 ct
587 2879 749 2977 suspicio
769 2878 865 2964 absit
890 2879 1063 2980 dilatate,
1081 2895 1144 2952 aut
1162 2881 1253 2962 alius
1271 2883 1327 2957 ob

315 3021 444 3072 causas
464 2996 770 3095 praetermodum
792 2995 845 3072 ibi
870 2998 1052 3095 pulsantis
1079 2999 1221 3084 arterias
1244 3026 1327 3075 ma·

314 3139 411 3213 gnae3
423 3115 477 3193 sie
490 3116 590 3188 enim
603 3113 663 3202 uel
675 3114 878 3210 interjectis
891 3115 1097 3204 intestinis,
1113 3141 1196 3196 non
1211 3116 1278 3222 huj
1283 3145 1327 3213 ps
1361 3099 1364 3106 ⁴

311 3247 460 3318 tantum
478 3231 638 3331 pulsatio
665 3245 708 3318 nt
729 3231 768 3302 in
790 3231 861 3318 hac
878 3233 1036 3330 epistola
1048 3233 1106 3332 (3)
1125 3248 1320 3350 ostensum

314 3365 387 3440 est,
405 3349 470 3421 sed
483 3347 788 3436 etvertcbrarum
797 3347 1024 3438 durities‚ut
1032 3352 1071 3436 iu
1085 3351 1154 3422 alia
1162 3348 1217 3450 (4)
1228 3353 1322 3428 dixi·
