2726 4676
245 351 314 428 πόα
411 373 457 424 or
483 371 628 424 sannas
652 371 697 422 ar
721 373 845 424 causis
870 369 1079 424 tonsorum

244 491 433 590 pervenit,
459 490 522 560 sed
551 495 656 558 toties
680 486 749 560 fuit
774 486 968 560 calculosis
988 503 1105 586 atque
1128 491 1247 564 unitas

237 608 480 708 passionibus
496 604 710 694 divexatis,
728 605 815 678 licet
836 607 965 677 vesica
982 605 1116 678 calculi
1139 601 1250 677 simul

245 727 448 797 cosstbiuoti
473 721 650 794 circulum
683 733 992 820 reproesiotareut
1021 725 1156 794 rimam
1177 747 1249 820 por

246 861 360 940 quom
380 841 566 911 transibat
581 845 715 928 urtica,
743 841 852 912 sicuti
872 841 1016 938 pictura
1041 853 1248 928 monstrat,

246 963 345 1030 inter
362 983 400 1030 se
417 958 683 1054 relinquentes.
702 962 794 1028 Tum
813 958 977 1054 denique
998 960 1126 1056 accipe
1144 956 1248 1054 quod

245 1099 292 1148 ex
320 1075 542 1146 Vallisnerio
570 1073 704 1146 audivi.
741 1075 878 1146 Patavii
910 1099 955 1144 ex
991 1073 1110 1146 nobili
1139 1089 1248 1172 gente

245 1171 416 1280 Mantua,
434 1193 493 1263 cui
513 1193 590 1290 ipse
609 1194 763 1264 intimus
778 1207 867 1278 erat,
884 1193 941 1262 vir
957 1190 1037 1276 fuit,
1056 1191 1247 1290 plerisque

246 1307 371 1378 morbi
390 1308 435 1380 de
452 1309 763 1405 quo·loquimur,
780 1307 927 1378 indiciis
938 1307 1033 1380 adeo
1042 1323 1085 1380 et
1101 1306 1246 1379 tamdiu
1333 1295 1334 1302 ἵ

245 1442 420 1510 vexatus,
438 1442 478 1497 ut
489 1428 518 1498 si
531 1427 575 1498 ad
594 1427 654 1498 illa
671 1425 984 1524 impedimentum
1003 1447 1171 1521 unquam
1186 1423 1248 1496 ali·

248 1543 351 1640 quod
370 1545 407 1613 iu
426 1544 631 1642 mingendo
644 1545 875 1631 accessisset,
892 1542 1028 1614 medici
1042 1565 1176 1613 omnes
1189 1563 1250 1639 pa·
1336 1524 1337 1552 ¹

248 1661 340 1732 riter
355 1662 393 1730 in
412 1687 458 1734 eo
475 1662 696 1734 consensuri
717 1676 860 1748 essent,
886 1675 927 1732 ut
951 1660 1087 1764 vesicaey
1106 1659 1249 1730 calculo

247 1780 369 1849 teneri
387 1779 697 1876 pronunciarent.
714 1777 782 1851 sed
799 1777 927 1875 plures
942 1776 1027 1848 ideo
1041 1778 1079 1846 in
1090 1775 1249 1848 aliasen·

248 1898 364 1968 tentia
393 1911 518 1978 erant,
543 1894 645 1991 quod
674 1919 821 1994 semper
848 1894 907 1969 vel
926 1919 1011 1966 cum
1038 1908 1139 1966 stans
1160 1895 1250 1964 min·
1340 1965 1341 1968 ,

250 2029 370 2112 geret,
387 2011 467 2082 sine
491 2011 570 2082 ullo
589 2012 698 2084 obice
716 2012 848 2084 lotium
877 2009 1068 2084 reddebat.
1089 2011 1250 2098 Mortui,

246 2143 289 2198 ut
305 2130 434 2200 vivens
451 2129 625 2224 jusserat,
646 2130 766 2202 vesica
790 2132 1038 2227 introspecta,
1059 2127 1196 2200 calculi
1212 2129 1250 2197 in

248 2244 320 2345 hae
336 2259 411 2316 tres
427 2245 569 2316 inventi
585 2261 671 2318 sunt
687 2247 794 2320 laeves
810 2263 846 2320 et
865 2245 1114 2333 subrotundi,
1142 2259 1181 2318 et
1202 2244 1249 2316 ob
1343 2262 1344 2282 ¹

248 2359 346 2430 hanc
360 2362 476 2458 ipsam
492 2359 650 2460 figuram
665 2364 889 2462 triangulare
901 2367 1000 2438 inter
1011 2387 1048 2434 se
1062 2363 1167 2458 juxta
1182 2385 1251 2460 po·
1344 2387 1345 2398 2

249 2478 339 2550 sitos
360 2473 528 2550 foramen
550 2481 827 2578 relinquentes:
845 2482 970 2578 itaque
990 2481 1058 2552 etsi
1080 2503 1149 2577 per
1176 2504 1251 2550 me·

224 2679 227 2689 1
248 2593 352 2666 dium
371 2597 480 2667 urina
500 2597 698 2686 transibat,
716 2599 785 2670 etsi
799 2598 932 2670 calculi
944 2611 1050 2672 erant
1061 2621 1104 2668 ea
1118 2593 1249 2696 figura,

247 2725 360 2809 atque
380 2709 536 2802 laevore,
563 2715 664 2787 unde
680 2717 719 2786 in
743 2715 824 2787 aliis
844 2716 1045 2812 repetitum
1065 2712 1179 2786 fuisse
1197 2715 1250 2796 =vi·

247 2829 339 2918 de0,
362 2853 430 2902 cur
443 2831 612 2903 molestia
622 2857 741 2930 aegros
753 2857 832 2903 non
844 2830 1060 2919 afficerent,
1076 2829 1167 2904 huic
1178 2855 1249 2904 cer

247 2961 305 3036 te,
322 2962 365 3018 ut
381 2950 499 3019 Patini
523 2975 677 3046 quoqne
694 2952 917 3037 mercatori,
939 2949 1047 3047 plura
1068 2971 1146 3020 nec·
1158 2949 1250 3020 levia

247 3065 447 3136 attulerant
460 3066 710 3137 incommoda.
732 3067 802 3138 Sed
818 3066 888 3138 hos
908 3089 1035 3152 casus,
1055 3080 1250 3163 quos.post

247 3180 344 3251 duos
369 3181 452 3254 illos
472 3185 615 3282 primos
636 3183 901 3272 indicavimus,
926 3183 1048 3280 Tulpii
1070 3197 1106 3254 et
1131 3184 1249 3269 Nasii,

248 3300 541 3394 comparationis
574 3300 757 3372 duntaxat
793 3326 902 3372 causa
938 3301 1246 3386 memoravimus,

246 3413 352 3511 quod
381 3415 456 3487 sive
486 3434 607 3494 essent
635 3444 721 3490 cum
746 3405 931 3515 aegrorum
955 3417 1146 3505 molestia,
1173 3419 1247 3488 sive

248 3553 326 3600 uon
345 3549 487 3621 essent,
506 3537 545 3604 in
564 3525 757 3608 histamen
772 3535 848 3608 fere
866 3535 1044 3607 omuibus
1062 3532 1246 3608 cathetere

245 3646 413 3720 immisso
433 3649 666 3748 deprehendi
695 3653 827 3726 calculi
856 3653 1086 3752 potuissent,
1111 3653 1247 3721 nonin

248 3765 399 3839 duobus
412 3768 482 3840 illis
496 3771 649 3867 primis,
669 3775 810 3872 quippe
824 3799 902 3844 non
914 3771 1035 3859 obvii,
1053 3769 1171 3842 sedin
1191 3771 1246 3842 di-

245 3885 427 3956 verticulo
442 3887 569 3960 vesicae
589 3889 749 3981 conditi,
763 3889 810 3962 ad
823 3889 937 3987 hujus
949 3889 1064 3966 latera
1078 3882 1245 3968 efforma-
