2726 4676
106 455 176 501 ΗΒ.
209 451 273 500 111.
301 453 346 499 DE
364 451 508 526 'MOERIS
525 452 698 543 gaustus,
722 453 834 502 celse.
862 453 950 504 XLII..
979 453 1049 526 219

43 593 109 644 non
127 582 379 666 pernegaret.
394 566 555 666 Quando
568 569 683 664 igitur
699 567 778 640 haec
793 570 843 640 ita
860 583 966 654 sunt,
979 591 1050 642 nec

44 686 316 775 Vallisnerius,
340 685 446 782 quod
461 687 595 772 sciam,
614 685 821 784 quidquam
836 703 966 785 postea
981 710 1058 784 pro¹

44 819 137 876 certo
156 796 362 881 constituit
382 802 428 877 de
447 803 491 881 iis
511 803 721 889 vermibus,
736 820 904 902 praestat,
921 819 963 876 ut
984 825 1055 875 nos

45 946 195 1020 quoque
230 947 428 998 assensum
458 923 603 996 interea
640 924 903 1012 sustineamus,
930 922 1053 994 donec

46 1041 200 1119 certiora
224 1057 294 1116 aut
312 1065 418 1118 casus
437 1037 594 1126 offerat,
610 1056 674 1114 aut
692 1040 842 1116 solertia
854 1041 925 1112 viri
942 1040 1053 1112 alicu-

46 1157 96 1251 jus
120 1160 164 1230 in
198 1158 361 1235 historia
394 1159 625 1232 insectorum
652 1159 1055 1256 longeversatissimi,

49 1275 161 1370 qualis
176 1275 261 1352 hoc
274 1291 445 1373 tempore
464 1291 519 1348 est
538 1276 604 1349 cel.
625 1277 894 1364 Reaumurius,
919 1276 1056 1373 depre÷

49 1390 194 1464 hendat.
214 1394 337 1496 Cujus
358 1393 525 1468 historiae
540 1409 683 1492 quanto
700 1395 818 1492 magis
840 1409 944 1466 aetate
968 1417 1057 1464 nos-

50 1523 96 1578 tra
120 1525 354 1608 provectum
374 1527 439 1591 -est
461 1511 646 1600 studium,
663 1527 768 1590 tanto
791 1515 908 1610 magis
926 1526 1057 1583 cautos
1084 1563 1091 1579 .

53 1626 211 1702 reddidit
248 1628 416 1710 medicos
435 1631 475 1706 in
493 1629 705 1708 istiusmodi
729 1628 1059 1702 observationibus

53 1746 292 1844 accipiendis.
307 1745 402 1820 Vide
429 1748 550 1835 enim,
569 1747 730 1844 exempli
748 1747 882 1844 gratia,
898 1762 993 1842 quot
1011 1745 1057 1818 ab

55 1865 187 1935 Joanne
222 1864 409 1960 Rhodio(
431 1864 486 1952 ι),
517 1879 554 1938 et
582 1863 629 1936 ab
648 1865 850 1936 Doniinico
881 1863 928 1937 de
945 1864 1059 1936 Mari-

56 1980 448 2077 niddrecenseantur.
461 1988 513 2060 Ex
520 1985 817 2062 tantovermium
826 2007 987 2056 numero
995 1983 1060 2080 qui

59 2120 115 2191 per
136 2099 337 2182 urethram
355 2101 465 2197 ejecti
485 2101 576 2175 olim
599 2099 937 2200 proponebantur,
968 2100 1063 2170 aiios

60 2210 122 2286 hoc
139 2231 318 2316 tempore
339 2219 435 2294 nihil
452 2217 554 2298 aliud
573 2243 651 2292 esse
670 2244 785 2317 quam
801 2201 1063 2290 vermiforines

62 2331 254 2436 polyposas
276 2337 558 2424 concretiones,
588 2338 711 2409 statim
746 2360 1062 2435 cognosceremus

60 2449 139 2524 alios
156 2479 274 2526 veros
290 2454 445 2551 quidem
463 2479 542 2526 esse
556 2479 724 2542 vermes,
736 2454 803 2530 sed
818 2457 1062 2543 extrinsecus,

63 2590 129 2640 uon
148 2597 194 2644 ex
205 2571 384 2661 urethra,
399 2574 439 2644 in
451 2572 611 2644 matulas
620 2571 793 2669 illapsos,
812 2575 952 2672 quippe
966 2597 1009 2643 ex
1019 2573 1065 2644 iis

64 2689 233 2792 quiintra
248 2714 387 2786 corpus
403 2705 574 2786 nostrum
593 2690 695 2786 gigni
711 2715 790 2760 non
807 2704 972 2790 queunt,
993 2713 1064 2761 nec

66 2806 201 2896 vivere,
225 2822 288 2885 aut
308 2808 337 2880 si
354 2832 484 2880 revera
502 2833 547 2885 ex
564 2805 718 2878 urethra
732 2808 908 2894 exierint,
930 2807 1062 2876 nonin

66 2921 230 2998 urinariis
249 2923 441 3024 partibuS,
462 2925 527 2998 sed
545 2925 591 2994 in
607 2925 768 3022 pertusis
798 2923 983 2996 intestinis
1000 2947 1065 3020 ge-

69 3037 172 3132 nitos,
199 3043 368 3140 indeque
394 3044 434 3114 in
462 3043 623 3122 vesicam
656 3057 720 3120 aut
752 3039 967 3128 urethram,
997 3039 1067 3112 viis

70 3177 126 3254 per
143 3161 341 3242 abscessus
357 3163 562 3259 presertim
578 3216 587 3249 ‚
606 3175 643 3232 et
657 3159 800 3232 fistulas
812 3159 1065 3257 apertis,pro-

70 3295 244 3372 repentes.
261 3281 379 3376 Cujus
396 3279 590 3356 novissimi
605 3279 752 3378 generis
772 3277 989 3376 exemplum
1008 3280 1066 3348 in,

72 3388 157 3474 dicat
167 3397 413 3479 Vallisnerius
427 3395 499 3494 (3),
517 3396 755 3494 alterumque
766 3395 966 3493 proprium
980 3420 1065 3467 nar*

79 3609 195 3630 ’ῆι-.-

108 3761 144 3843 (ι)
164 3726 249 3825 dent.
265 3769 301 3839 3,
319 3769 384 3826 obs.
399 3770 478 3828 med.
492 3767 530 3828 35
542 3781 572 3826 et
584 3768 634 3826 36.
688 3821 691 3827 .

107 3877 145 3958 (a)
164 3884 287 3940 Dissert.
306 3885 343 3940 de
359 3903 392 3942 re
406 3894 532 3942 moustr.
547 3903 565 3942 a
578 3886 705 3970 Capucc.
723 3895 753 3942 et
766 3895 830 3950 cat.

110 3995 279 4084 Uddnot·
295 3997 346 4065 cit·
384 4019 386 4023 ’
470 4023 471 4026 ’
