2790 4668
180 509 245 554 ΗΒ.
274 507 327 553 111.
356 507 403 553 1)ss
429 505 563 553 Molitus
582 503 751 570 vituitus,
777 507 887 554 EPIST·
915 509 1009 556 XLIV.
1039 491 1105 580 471

114 623 150 688 in
171 615 370 692 humorem
385 619 549 707 lentum,
562 633 599 690 et
611 621 717 716 quasi
734 595 879 690 tobacci
887 619 1112 719 dilutissimo

116 736 242 807 colore
259 733 460 825 infectum,
481 734 584 807 abire
597 735 694 824 vidi3
716 751 758 806 ut
775 745 975 836 postquam
997 737 1112 834 hyda·

114 852 228 940 tides,
253 854 368 925 sicuti
387 853 475 926 alias
506 851 559 950 (ι)
590 849 636 922 ad
660 865 704 952 te
730 853 879 951 scripsi,
905 854 953 925 ab
980 854 1111 932 eadem

114 971 239 1043 tunica
269 968 477 1068 pendentes
499 969 642 1057 inveni,
667 968 835 1064 ejusdem
864 971 1012 1068 generis
1031 969 1113 1046 illas

116 1085 316 1184 dequibus
340 1087 497 1185 loquor,
522 1100 643 1184 guttas
672 1084 784 1157 fuisse
802 1085 972 1159 arbitrer.
995 1089 1120 1159 Porro.

115 1205 233 1310 vesica
248 1229 293 1279 ex
310 1203 545 1275 crassissimis
569 1203 706 1275 tunicis
730 1200 844 1291 facta,
867 1229 935 1302 per
951 1229 1112 1304 quarum

113 1319 298 1394 inteinam
318 1318 448 1393 faciem
471 1320 711 1419 crassiquasi
731 1320 877 1410 lacerti,
893 1323 994 1408 uaria
1013 1321 1113 1393 inter

115 1457 151 1506 se
187 1429 442 1538 implicatione
490 1431 707 1534 conjuncti,
749 1436 1112 1536 transpiciebantur,

19 1647 20 1652 ἵ
116 1551 199 1624 alho
217 1553 450 1652 turbidoque
458 1553 619 1626 humore
635 1553 809 1654 scatebat.
823 1557 951 1632 Tuma
967 1555 1112 1652 glande,

19 1679 21 1776 ζ
116 1669 219 1766 cujus
238 1671 399 1744 alterum
425 1665 690 1755 coronae'latus
710 1673 834 1743 ulcere
854 1672 943 1749 olim
961 1695 1114 1754 exesum

19 1797 20 1806 ’
116 1785 248 1878 fuerat,
281 1789 444 1863 urethrae
470 1791 693 1862 incisionem
717 1813 889 1879 exorsus,
914 1789 1010 1867 nihil
1036 1787 1114 1860 fero

19 2001 20 2004 Ἴ
115 1905 354 2014 adnotatione
365 1893 521 2006 dignum
537 1901 678 2008 reperi,
689 1907 811 1982 donec
827 1923 980 1979 ventum
992 1905 1113 2001 estad

19 2119 20 2122 Ἴ
117 2021 234 2095 Littrii
260 2021 487 2124 glandulam'.
517 2029 605 2098 Erat
624 2047 664 2100 ea
696 2021 801 2097 sedes
834 2022 1117 2130 confertissimis

19 2127 22 2160 ‘
115 2139 333 2240 sanguifeiis
368 2143 526 2215 vasculis
560 2143 661 2217 intus
694 2141 886 2234 obducta,
921 2153 962 2214 ut
999 2143 1114 2242 longe

115 2261 227 2358 magis
241 2286 286 2332 ex
305 2275 387 2332 atro
402 2257 515 2359 quam
533 2261 743 2349 consuevit,
761 2260 925 2336 ruberet.
945 2264 1112 2343 Prostata
1147 2309 1150 2324 .

19 2359 21 2394 ³
114 2391 234 2448 autem
261 2361 438 2476 glandula
466 2375 560 2455 nihil
580 2377 716 2453 obtulit
744 2373 782 2447 in
814 2402 892 2474 quo
920 2401 1111 2467 morarer,

19 2475 21 2490 ι
116 2510 241 2588 praeter
261 2495 500 2573 brevissimos
515 2509 551 2566 et
568 2491 842 2594 superficiarios
863 2495 966 2566 sinus
979 2509 1054 2566 tres
1065 2518 1110 2566 ex

19 2617 21 2686 i
114 2612 282 2709 ampliori
294 2599 481 2693 'osculoiu'
499 2613 585 2682 coni
596 2611 752 2694 modum
769 2635 807 2682 sc
823 2611 1108 2700 contrahentes,

19 2725 21 2746 ⁸
107 2726 205 2799 ¹inter
228 2730 470 2806 carunculam
491 2745 591 2800 recte
612 2753 650 2800 se
670 2727 892 2814 habentem,
920 2745 956 2799 et
982 2729 1111 2801 vesicas

19 2849 21 2862 '
116 2845 295 2918 orificium
330 2831 534 2928 secundum
562 2845 724 2916 urethme
740 2842 1013 2943 longitudinem
1040 2871 1110 2944 po·
1194 2860 1200 2868 '

19 2977 20 2980 ’
114 2975 206 3034 illos.

162 3079 213 3151 16.
230 3085 276 3153 In
294 3081 367 3157 hoc
385 3104 464 3161 uno
479 3081 530 3153 sic
544 3077 713 3157 affectam
733 3079 779 3150 ad
799 3079 1004 3176 perinaeum
1018 3102 1109 3152 ure·
1242 3133 1261 3178 4

114 3191 230 3268 thratia
248 3198 382 3270 vidisse
398 3199 574 3270 memini:
594 3199 654 3298 cui
670 3211 795 3278 tamen
811 3194 1000 3268 affectioni
1021 3219 1107 3268 cau-

115 3329 186 3381 sam
206 3315 371 3413 praebere
391 3337 545 3414 quoque
561 3315 685 3412 potuit
701 3314 890 3402 restitans,
918 3312 1108 3412 decrepita

114 3433 308 3519 praesertim
333 3447 455 3516 aetate,
479 3455 524 3502 eo
541 3431 580 3500 in
605 3431 691 3506 looo
714 3453 799 3526 pars
826 3430 950 3526 aliqua
974 3431 1107 3517 urinae,

115 3542 262 3644 ejusque
297 3537 617 3622 non'secundur'u
645 3537 815 3618 naturam
849 3571 887 3617 se
923 3545 1106 3628 habentis,

115 3661 216 3743 Certe
229 3668 269 3737 in
286 3679 346 3739 tot
357 3667 437 3738 aliis
449 3687 644 3764 nunquam
659 3662 746 3752 fuit,
765 3677 862 3762 quos
880 3663 1108 3763 gonorrhoea

150 4027 191 4115 lt)
211 4037 303 4127 Epist.
319 4046 376 4113 42,
398 4058 427 4094 n.
449 4057 495 4107 μ.Ι
