2790 4668
434 181 440 216 i

151 439 152 446 ¹
305 419 376 507 436
468 443 514 490 na
540 440 686 490 seorsus
710 443 754 488 er
779 441 904 492 causis
928 443 1183 496 noanonuu.

250 645 252 649 v
305 553 413 626 chius
428 553 482 650 (1)
492 553 584 624 dixit
596 552 829 650 prodigiosae
844 557 1131 652 magnitudinis,
1152 559 1229 630 sive
1243 559 1302 632 aa

303 697 454 744 manum
483 677 706 756 maximum,
735 673 765 742 si
791 673 892 742 curis
909 697 1067 770 quoque
1086 677 1303 772 posteriori·

272 785 276 792 ’
302 789 374 862 bus
407 787 483 886 (a),
508 802 549 858 ut
577 786 742 875 videtur,
772 787 819 860 de
848 788 981 878 eodem
1011 791 1197 888 loquitur.
1237 796 1302 868 Sed

301 907 474 1003 quamvis
487 906 690 992 minorem,
706 929 785 994 non
808 931 854 978 eo
873 911 998 981 tamen
1016 910 1117 980 exitu
1137 935 1220 1008 quo
1247 912 1303 982 ille

300 1024 422 1119 major
443 1035 631 1094 exsectum
645 1019 757 1094 fuisse
772 1023 907 1094 audivi.
929 1024 1074 1096 Deinde
1091 1051 1186 1097 vero
1203 1031 1304 1099 Pata·

300 1141 350 1211 vii
369 1163 412 1212 ea
430 1139 687 1237 magnitudine
708 1155 841 1212 testem
860 1139 953 1230 vidi,
980 1157 1022 1214 ut
1048 1144 1121 1214 nisi
1138 1169 1216 1242 qua
1232 1144 1303 1218 fide

298 1248 369 1330 sim
389 1255 509 1355 probe
528 1280 679 1344 nosses,
702 1256 771 1328 tibi
803 1257 966 1330 scribere
991 1285 1071 1330 non
1099 1261 1303 1351 auderem,

205 1387 207 1394 ’
297 1377 438 1454 veritus
457 1399 504 1446 ne
522 1374 741 1450 mendacem
754 1375 1012 1471 suspicareris.
1027 1380 1120 1448 Nam
1137 1379 1169 1450 si
1186 1383 1303 1476 Ruys-

223 1483 229 1493 ⁴
299 1491 456 1564 chianus
486 1491 550 1562 ille
578 1507 692 1589 caput
704 1495 826 1583 foetus
851 1491 1008 1562 borroni
1029 1494 1303 1591 superabat,·is

299 1609 438 1707 dequo
458 1610 612 1706 loquor,
632 1607 708 1678 duo
724 1609 835 1706 plane
847 1608 1048 1707 superabat
1058 1612 1234 1684 virorum
1247 1639 1302 1684 ca-

295 1729 373 1826 pita
399 1730 447 1798 in·
464 1753 583 1798 unum
605 1729 746 1821 juncta.
775 1711 905 1823 ltaque
928 1741 970 1798 ut
998 1751 1077 1798 rem
1108 1753 1301 1824 perraram

295 1846 543 1942 inspicerem,
577 1844 676 1916 maio
698 1868 826 1914 mense
854 1843 943 1914 anni
972 1845 1083 1941 1730,
1104 1861 1300 1920 transeun-

191 1972 193 1985 ‘
294 1962 466 2034 temvhac
491 1961 684 2033 hominem
714 1986 799 2032 cum
820 1966 1220 2059 Atestemrepeteret,
1241 1965 1300 2036 obi
1387 2003 1388 2020 κ

295 2077 619 2173 degebat,'venire
640 2077 686 2146 ad
704 2101 764 2148 me
793 2075 947 2146 domum
974 2077 1099 2149 voluit'
1111 2083 1298 2152 Antonius

294 2196 531 2282 Mocenicus,
562 2219 695 2290 eques,
715 2191 1058 2291 splendidissimus,
1090 2210 1127 2266 et
1148 2197 1298 2294 Aloysio

293 2310 425 2396 fratre,
446 2313 511 2408 qui
532 2327 610 2382 tum
636 2313 876 2388 venetiarum
910 2311 987 2388 dux
1013 2327 1093 2382 erat
1123 2312 1296 2411 diguissi-

292 2453 388 2508 mus,
410 2428 483 2498 Ubi
501 2435 665 2525 primum
681 2428 876 2500 homiuem
888 2431 1036 2526 aspexi,
1052 2430 1210 2526 ignarus
1218 2433 1298 2530 quis

292 2561 387 2618 esset
407 2563 444 2616 et
462 2569 530 2616 cur
547 2546 594 2616 ad
613 2571 672 2619 me
691 2547 858 2633 veniret,
879 2571 1018 2644 magno
1042 2546 1221 2646 hydrope
1244 2575 1297 2622 as·

290 2666 361 2742 cite
395 2661 628 2742 laborantem
661 2662 901 2746 credidissem
925 2663 1195 2738 nisiadextris
1218 2682 1296 2738 tan·

286 2780 486 2852 tummodo
504 2795 675 2850 ventrem
691 2780 816 2856 adhuc
836 2780 1029 2852 obtectum
1044 2781 1215 2856 vestibus
1238 2801 1293 2856 tu-

287 2923 391 2973 mere
405 2895 763 2968 animadvertissem.
781 2897 855 2968 Ubi
870 2923 959 2968 vero
976 2899 1081 2968 omni
1099 2899 1229 2972 ablato
1237 2904 1291 2984 in:
1386 2923 1387 2966 i

286 3030 527 3113 tegumento,
546 3029 582 3087 et
600 3011 720 3086 fasciis
740 3014 916 3094 detractis
936 3015 1075 3112 quibus
1101 3032 1290 3090 tumorem

285 3131 457 3229 illucper
476 3155 513 3203 se
533 3146 771 3228 vergentem,
786 3130 833 3202 ad
851 3130 1042 3204 abdomen
1061 3132 1288 3223 adductum,

283 3247 618 3347 hypochondrium
650 3272 771 3344 usque
806 3271 935 3320 versus
969 3229 1165 3337 bervabat,
1211 3278 1286 3324 eam

284 3389 398 3461 quam
419 3365 495 3435 dixi
515 3365 813 3462 magnitudinem
842 3368 1017 3454 miratus,
1052 3383 1285 3438 contrectare

283 3485 401 3580 coepi,
421 3497 559 3590 tactum
575 3486 675 3553 enim
690 3481 851 3572 ferebat,
867 3485 972 3554 omni
991 3469 1141 3580 semper
1155 3483 1283 3556 dolore
1385 3557 1386 3580 ,

281 3625 413 3671 carens
430 3626 440 3687 3
461 3599 630 3696 mihique
645 3600 746 3672 visus
767 3625 853 3671 sum
867 3599 976 3697 quasi
991 3601 1284 3698 sarcomaquod·
1385 3609 1386 3662 f

315 3881 359 3957 (ι)
382 3883 419 3936 u.
444 3879 498 3951 51,
514 3851 929 3958 cu.cuninamfiffii.
956 3941 961 3950 ,

320 3982 362 4060 (2)
384 3982 421 4038 u.
444 3980 492 4038 aa.
