2810 4668
167 463 235 510 nm.
263 459 319 509 m.
348 459 881 528 usuoumsvsurms,rr1su
908 461 1004 513 xcvi.
1034 433 1103 512 553
1167 485 1172 496 ·

101 578 284 650 lationem
293 633 304 666 ,
325 593 606 684 etcamretenta
618 584 728 650 urina
742 579 949 674 etmejendi
958 601 1101 652 summo

98 695 299 768 desiderio⁶
318 697 376 768 sic
393 696 496 793 quod
519 713 605 795 post
624 697 808 770 Galerium
832 695 886 793 (r)
903 697 1016 769 iidem
1037 695 1104 768 ad-

99 829 299 901 notarunt,
313 815 411 886 inter
430 815 564 886 calculi
583 817 711 887 vesicae
730 816 867 886 indicia
881 841 1017 912 penem
1037 817 1104 887 ali·
1210 846 1213 851 ·
1273 861 1283 882 .

15 933 17 940 ’
100 931 261 1030 quando
289 939 467 1003 intentum
483 948 631 1031 practer
652 939 853 1020 rationem,
873 934 939 1005 ubi
957 932 1109 1033 gravior¹

99 1051 312 1150 praesertim
335 1073 377 1120 ac
398 1049 519 1145 major
533 1050 699 1122 calculus
714 1052 777 1140 sit,
799 1049 933 1138 eodem
952 1071 1106 1149 quoque
1172 1045 1175 1049 ’

100 1165 376 1265 explicabimus
402 1167 527 1239 m0d0.
559 1165 699 1258 Eodem
731 1191 886 1265 quoquc
910 1167 1001 1252 dixi,
1029 1191 1107 1238 non

100 1285 259 1383 ignarus
290 1285 413 1356 modis
446 1287 556 1357 etiam
578 1285 658 1356 aliis
687 1279 764 1356 haec
791 1310 900 1383 posse
931 1286 1109 1382 explicari
1147 1298 1163 1306 “

99 1403 365 1502 phaenomena.
385 1407 480 1474 Sunt
494 1419 618 1476 tamen
636 1428 742 1476 casus
752 1405 791 1474 in
802 1403 941 1501 quibus
952 1403 1021 1473 alia
1033 1427 1109 1501 prae

100 1521 177 1592 alia
196 1546 404 1620 congruere
423 1524 539 1618 possit
557 1523 777 1620 explicatio:
795 1523 887 1619 quin
903 1518 985 1592 fieri
998 1522 1108 1591 etiam

100 1637 296 1710 interdum
323 1654 471 1737 potest,
499 1655 542 1710 ut
569 1639 698 1737 plures
718 1637 903 1735 ejusmodi
924 1662 1041 1709 causae
1061 1637 1108 1708 ad

102 1755 283 1828 eumdem
302 1757 591 1854 producendum
613 1755 787 1829 effectum
809 1757 1048 1826 conveniant.

54 1863 57 1866 ¹
161 1899 214 1943 11.
235 1873 306 1944 Sed
325 1872 482 1945 de'viris
504 1876 599 1946 satis.
617 1877 726 1946 Nunc
750 1873 797 1944 ad
812 1872 989 1944 mulieres
1008 1886 1111 1944 tran-

68 1975 74 1986 ’
105 2014 273 2080 scamus,
292 1992 442 2062 initium
471 1989 650 2064 ducentes
676 1992 723 2063 ab
754 1991 920 2080 duabus,
948 2013 1110 2088 quarum

104 2091 294 2180 naturalia
312 2134 390 2179 non
415 2131 520 2181 secus
541 2135 583 2181 ac
611 2111 727 2192 trium
756 2109 802 2182 de
831 2109 967 2208 quibus
1000 2133 1112 2206 supra

106 2227 294 2314 diximus,
321 2227 525 2322 juvenum,
551 2229 708 2328 petitum
738 2243 792 2300 cst
815 2252 835 2298 a
859 2211 970 2300 nobis
995 2241 1036 2298 ut
1057 2251 1114 2298 ac·

106 2359 237 2416 curate
253 2345 562 2463 examinaremus.
581 2347 730 2418 Rustica
753 2360 831 2416 erat
855 2344 991 2433 altera,
1006 2345 1113 2440 cujus

105 2462 277 2533 naturale
288 2464 445 2532 omnino
465 2462 674 2558 secundum
693 2471 866 2533 naturam
884 2487 922 2533 se
939 2461 1112 2536 habebat.

106 2573 181 2644 Sed
200 2574 231 2645 is
255 2575 294 2642 in
312 2597 425 2670 quem
445 2573 522 2645 abit
548 2572 718 2660 canolis,
750 2587 792 2644 ut
820 2574 917 2644 Celsi
935 2572 990 2669 (n)
1011 2579 1114 2646 aetate

104 2690 315 2779 vocabant,
330 2715 434 2762 nunc
447 2692 619 2789 vaginam
634 2691 881 2790 appellamus,
892 2691 954 2759 vix
966 2691 1114 2760 tertiam

103 2809 213 2904 justae
231 2808 479 2906 longitudinis
501 2825 644 2906 partem
670 2823 928 2907 superaverat,
956 2831 1042 2878 cum
1063 2806 1116 2878 ibi

107 2941 265 3024 repente
292 2924 405 2997 finem
429 2926 602 2999 habebat.
640 2927 751 3000 Nulla
780 2925 827 2996 ad
848 2910 935 2998 eum
964 2924 1115 3011 locum,

108 3059 176 3114 aut
191 3039 288 3114 infra
315 3043 485 3130 cicatrix,
508 3043 609 3114 nulla
628 3045 668 3114 in
693 3037 868 3146 muliere,
893 3058 957 3114 aut
982 3067 1116 3140 paren-

110 3160 216 3231 tibus
237 3160 448 3232 recordatio
473 3160 630 3248 ulceris,
659 3177 722 3232 aut
742 3160 894 3232 alterius
923 3159 1116 3258 praegressi

109 3278 191 3347 vitii
208 3277 309 3348 unde
332 3277 472 3374 vaginae
501 3278 616 3348 latera
649 3276 857 3349 coalescere
884 3277 1114 3374 potuissent3
1197 3313 1201 3328 ·

111 3393 334 3466 exulceratis
361 3397 462 3463 enim
485 3391 544 3464 his
571 3394 662 3466 locis
687 3395 762 3466 sive
784 3393 830 3464 ab
856 3392 918 3463 lue
938 3417 1117 3482 venerea,
1205 3407 1209 3416 '

112 3513 189 3585 sive
212 3511 260 3589 ab
279 3509 423 3583 difficili
449 3525 576 3606 partu,
597 3511 673 3584 sive
694 3535 715 3582 a
735 3535 843 3583 causa
869 3512 1000 3608 quavis
1023 3511 1116 3598 alia,

111 3627 180 3699 ubi
201 3627 388 3728 chirurgi,
421 3643 485 3700 aut
518 3626 731 3700 obstetricis
765 3629 912 3700 incuria
930 3628 1117 3717 accedat,

153 3911 198 3989 (1)
219 3914 264 3968 De
276 3913 334 3968 loc.
352 3914 402 3970 all.
415 3919 436 3994 l,
456 3933 488 3984 1,
504 3931 529 3968 c.
544 3931 569 3968 1.

151 4007 197 4090 (s)
218 4013 263 4069 De
274 4011 379 4081 medic.
392 4015 412 4068 l.
428 4020 460 4089 4,
474 4031 500 4072 c.
516 4031 528 4070 1
544 4012 583 4070 ad
594 4007 647 4067 lin.
