2726 4676
247 370 317 458 264
409 393 455 440 or
482 391 627 440 sromus
651 393 696 440 rr
720 391 845 440 csus1s
870 369 1080 441 nonroaun'

244 507 396 580 suberat
418 531 549 578 cavum
575 531 653 576 non
677 505 870 580 modicum
887 530 1054 602 quocum
1076 503 1252 578 foramen

245 649 398 722 quoque
431 623 627 696 dexterum
657 621 970 696 communicabat.
1003 627 1099 696 Cum
1126 624 1163 692 in
1198 645 1252 692 eo

246 766 337 812 cavo
366 739 562 838 specillum
583 739 666 810 duri
683 739 877 837 quidpiam
897 737 1128 826 offenderet3
1149 763 1252 835 quae-

245 861 358 931 situm
377 873 432 928 est
451 883 496 930 ex
512 883 593 946 me,
615 855 795 954 quidnam
806 855 880 928 hoc
893 881 972 928 esse
984 857 1248 930 existimarem.

246 980 292 1046 In
321 975 541 1046 memoriam
562 973 673 1044 rediit
696 973 789 1070 quid
807 975 846 1044 in
872 975 997 1072 priore
1023 973 1150 1072 puella
1169 996 1253 1070 spe-

246 1091 334 1162 cillo
353 1090 517 1173 obstaret
537 1115 603 1188 per
621 1088 785 1160 fistulam
803 1089 964 1162 demisso
979 1091 1019 1161 in
1033 1091 1142 1160 ilium
1159 1089 1261 1160 alte-.

246 1233 290 1280 ro
310 1222 519 1305 patentem,
540 1222 576 1278 et
596 1207 730 1278 lotium
750 1233 834 1278 cum
862 1232 957 1307 pure
976 1205 1259 1279 effundentem.¹

246 1330 418 1422 Cumque
439 1324 631 1410 audirem,
656 1315 756 1396 hanc
784 1349 937 1422 quoque
958 1325 1057 1395 inter
1075 1324 1246 1422 mingen-

246 1442 337 1512 dum
358 1443 486 1516 vesicae
499 1440 695 1513 doloribus
713 1443 902 1538 torqueri,
922 1456 959 1512 et
973 1464 1130 1538 paucam
1148 1464 1246 1511 eam-

247 1585 321 1657 que
347 1560 586 1658 purulentam
614 1559 762 1628 urinam
792 1557 973 1646 reddere,
1000 1557 1246 1654 quae-rendum

246 1677 445 1774 respondi,
458 1701 550 1747 num
572 1673 667 1748 forte
685 1700 793 1746 acum
813 1689 877 1746 aut
893 1701 973 1746 rem
990 1675 1099 1745 aliam
1120 1699 1248 1772 quam·

245 1795 346 1894 piam
359 1797 398 1865 in
411 1795 604 1869 urethram
624 1793 846 1866 immisisset.
866 1795 1022 1890 Negavit
1040 1793 1169 1890 puella
1183 1792 1257 1864 d0··

248 1937 317 1982 nec
335 1910 516 1983 foramine
536 1912 686 1982 sinistro
702 1935 770 2008 per
787 1910 907 1982 levem
919 1912 1179 1982 communium
1192 1913 1248 1982 in·

246 2044 553 2128 tegumentorum
578 2031 780 2100 sectionem
799 2026 1050 2126 amplificam,
1070 2028 1197 2126 cuspis
1215 2043 1250 2100 et

249 2171 383 2244 magna
400 2170 487 2243 pars
511 2169 600 2217 acus
624 2147 721 2218 intra
740 2169 872 2218 cavum
890 2144 937 2216 ab
962 2145 1139 2217 omnibus
1159 2171 1250 2216 con-

251 2265 466 2359 spiceretur.
485 2268 589 2336 Tunc
603 2263 708 2360 quod
727 2264 898 2336 occulere
917 2265 1079 2362 amplius
1090 2289 1169 2334 uon
1186 2289 1251 2362 po·

249 2393 363 2467 terat,
385 2381 544 2452 nimium
563 2406 647 2453 sero
671 2379 763 2452 fassa
793 2395 856 2452 est.
881 2383 1011 2479 Neque
1034 2383 1135 2452 enim
1163 2385 1248 2452 acus

247 2495 392 2566 extrahi
411 2512 557 2595 poterat
574 2497 800 2596 prohibente
815 2499 952 2570 adnato
968 2498 1113 2570 calculo
1134 2523 1246 2595 quem

249 2615 404 2712 specillo
419 2617 494 2687 sive
509 2642 578 2714 per
599 2641 729 2688 cavum
749 2616 861 2704 illud,
875 2618 952 2688 sive
968 2611 1036 2714 per
1057 2617 1248 2688 urethram

248 2731 435 2816 immiss0,
455 2749 496 2804 ut
522 2731 627 2804 facile
653 2749 732 2806 erat
752 2734 966 2831 percipere,
986 2733 1037 2804 ita
1060 2759 1140 2803 non
1161 2733 1247 2804 lice·

247 2847 312 2920 bat
327 2851 404 2920 sine
425 2851 570 2947 magnis
587 2850 781 2923 doloribus
799 2851 859 2922 vel
876 2850 1006 2920 leviter
1022 2851 1244 2948 propellere.

247 2965 449 3062 Idemque,
466 2969 493 3037 si
509 2967 601 3063 quid
611 2993 680 3064 per
694 2967 887 3040 urethram
900 2967 1038 3038 vellent
1050 2967 1096 3039 ad
1109 2967 1249 3040 demul-

249 3083 390 3154 cendos
402 3083 553 3188 dolores
571 3086 742 3179 injicere,
761 3110 808 3155 ne
828 3087 867 3155 in
889 3085 1049 3174 vesicam
1078 3085 1248 3158 admitte-

246 3213 370 3286 retur,
387 3198 568 3271 obstabat.
598 3205 679 3271 Huc
704 3202 840 3272 macies
861 3215 1066 3272 accesserat
1082 3225 1247 3292 summa,

248 3316 289 3384 in
305 3316 459 3414 diesque
472 3318 577 3415 puris
592 3316 799 3414 augebatur
816 3319 922 3414 copia
939 3331 976 3390 et
986 3319 1249 3414 graveolentia,

225 3435 226 3440 ’
248 3429 438 3531 febrisque
459 3437 537 3532 ipsa
566 3433 659 3506 lacta
677 3450 769 3526 ,erat
801 3434 1015 3506 vehemens.
1036 3436 1158 3525 Quam
1190 3437 1251 3508 ali·

247 3566 464 3621 mentorum
501 3550 670 3622 omnium
704 3550 911 3638 fastidium,
933 3553 1115 3638 vomitus,
1142 3551 1250 3626 flavo·

248 3693 333 3737 rum
352 3665 601 3765 liquaminum
627 3694 671 3739 ex
689 3671 772 3740 alvo
792 3667 937 3756 ssuxus,
959 3671 1195 3742 tumuirium
1217 3687 1249 3744 et

247 3785 426 3882 pulsuum
445 3784 616 3855 debilitas
639 3802 841 3858 consecuta
865 3800 973 3874 sunt,
1002 3786 1125 3858 donec
1151 3815 1249 3862 mors

245 3916 299 3971 tot
316 3902 473 3972 miseriis
495 3916 530 3971 et
545 3903 729 3998 querelis,
743 3904 842 3976 inter
852 3927 943 4002 quas
959 3904 1064 3979 nulla
1081 3929 1246 4004 unquam
