2790 4668
156 516 225 561 nm.
253 513 307 560 ur.
335 513 733 582 pantomimarum,
759 515 871 562 nrrsr.
898 515 978 561 ην.
1008 489 1073 561 521

77 651 175 726 pore
201 651 277 725 quo
291 605 393 697 'uteri
417 641 606 698 tumorem
624 628 737 726 coepit
764 628 1079 716 animadvertere,

75 744 125 816 ab
147 743 331 841 hysterica
349 743 520 840 passione
539 743 658 816 libera
677 743 764 832 fuit3
788 761 828 816 ut
852 747 970 844 possis
1000 770 1078 817 sus·

79 863 218 961 picari,
237 886 280 931 ex
302 885 347 930 eo
374 859 480 957 quod
499 875 628 932 uterus
654 863 791 934 irritari
816 862 976 960 amplius
1003 887 1083 933 non

79 979 225 1078 potuit,
242 977 343 1058 illam
360 977 572 1074 passionem
594 978 754 1073 desiisse.
787 981 947 1054 Historia
967 979 1082 1051 altera

80 1119 103 1165 a
121 1094 167 1166 cl.
186 1091 465 1192 Helwichio(1)
486 1110 557 1182 est,
579 1096 646 1193 qui
674 1096 841 1168 mulieris
863 1111 972 1180 utero
987 1110 1086 1169 ‘exte-

80 1215 180 1298 rius,
203 1219 383 1310 tanquam
408 1236 477 1309 per
510 1211 725 1311 pediculum
756 1239 919 1286 annexas
943 1213 1087 1285 invenit

80 1330 352 1402 excrescentias
372 1345 536 1426 quatuor
561 1353 686 1418 cavas,
718 1331 886 1426 ejusdem
912 1355 998 1402 cum
1018 1330 1084 1402 illo

80 1463 256 1534 texturae,
276 1473 321 1518 ex
346 1447 473 1518 ovario
501 1461 625 1520 autem
658 1447 774 1520 altero
806 1449 1085 1546 prominentem

80 1564 293 1653 sacculum,
313 1565 401 1662 qui,
426 1566 586 1651 incisus,
613 1567 807 1638 materiam
836 1565 1083 1664 nigricantem

78 1683 325 1781 gelatinosam
353 1681 400 1753 a'd
421 1663 648 1756 semunciam
672 1707 757 1754 cum
779 1684 924 1781 impetu
950 1683 1082 1754 emisit.

78 1799 237 1882 Mulier,
255 1798 411 1870 uttdem
426 1800 498 1870 alio
516 1815 739 1898 exposuerat
750 1799 834 1871 loco
854 1799 936 1897 (a),
952 1793 1085 1871 ex'ittis

79 1915 277 1988 evidenter
296 1913 431 2005 fuerat,
451 1925 544 2014 qua's
568 1923 736 1989 convenit
755 1923 851 1988 inter
867 1942 993 1990 omnes
1015 1941 1087 1988 me-

79 2033 201 2120 dicos,
223 2035 321 2107 uteri
339 2031 599 2136 affectionibus
622 2059 700 2108 esse
724 2035 906 2107 obnoxias
926 2042 999 2106 sive
1016 2033 1084 2106 has

81 2175 265 2250 apnaeas,
293 2158 366 2224 sive
389 2154 655 2244 suffocationes
682 2160 764 2251 quis
786 2155 994 2240 vocaverit,
1012 2158 1086 2224 sive

78 2261 196 2340 etrum
213 2275 483 2342 contractiones
503 2271 678 2368 quaedam
703 2277 943 2368 contigerit&
959 2285 1002 2342 ut
1021 2273 1090 2370 Ga,

77 2387 160 2460 leni
171 2386 232 2483 (3)
246 2385 370 2459 verbis
382 2402 475 2463 utar.
505 2389 687 2460 Amarito
708 2390 809 2460 enim
831 2391 1020 2484 sejuncta,
1044 2389 1083 2458 iu

74 2529 162 2577 eam
181 2505 406 2583 naturalium
425 2506 658 2602 pruriginem
688 2503 889 2592 inciderat,
915 2520 957 2575 ut
986 2529 1005 2580 a
1031 2502 1084 2575 fu·

78 2623 336 2694 roreuterino
357 2646 487 2721 parum
502 2621 662 2707 abesset,
683 2622 898 2719 mirumque
916 2647 993 2692 non
1008 2621 1085 2694 fue-

76 2741 147 2830 rit,
169 2743 201 2812 si
212 2741 353 2838 spasmi
371 2739 572 2814 horribiles
589 2739 830 2826 accesserint,
852 2735 977 2810 fauces
997 2763 1085 2837 prae-

76 2851 295 2945 cludentes,
325 2881 483 2954 eamque
508 2856 675 2955 spirandi
708 2845 966 2929 difficultatem
994 2854 1085 2928 affe-

75 2991 223 3064 rentes,
236 2977 278 3050 ut
295 2977 334 3046 in
353 2972 608 3048 suffocationis
624 2973 836 3074 periculum
859 2999 953 3072 saepe
972 2973 1085 3046 addu-

76 3092 692 3190 cerent,quadeniqueinopinato
705 3088 876 3164 confecta
888 3106 962 3163 est:
977 3093 1084 3188 cujus

77 3207 341 3284 suffocationis
382 3207 558 3283 effectum
594 3213 720 3310 potius
765 3233 878 3308 quam
917 3233 1085 3296 cansam,

76 3329 198 3401 fuisse
218 3327 587 3424 credes‚·secnndnm
604 3353 646 3400 ea
663 3353 745 3426 quae
764 3324 853 3400 alias
866 3325 920 3424 (lt)
938 3327 1086 3425 scripsi-

75 3471 187 3535 mus,
206 3446 366 3546 polypos
388 3447 428 3516 in
446 3445 614 3550 ejusdem
640 3447 809 3521 mulieris
828 3443 941 3518 corde
958 3445 1088 3518 inven-
1127 3446 1131 3454 '
