2726 4676
158 494 227 542 unt.
256 495 310 541 111·
339 495 386 540 nr
413 479 874 556 moanrsvnnrn1s,·urtsr.
902 497 990 544 xnn·
1021 475 1090 548 213

86 607 222 703 vigiliis
252 606 419 678 assiduis.
451 606 507 677 Ad
535 605 612 676 lraee
641 606 817 703 quidam,
843 609 1095 707 condylorum

86 739 225 812 instar,
243 740 411 796 tumores
428 738 662 795 accesserant
674 739 769 794 intra
789 749 920 796 cavum
938 731 1095 800 extremi

86 842 275 929 intestini,
294 841 462 938 equibus
475 840 520 911 ad
532 841 677 938 aliquot
687 840 962 950 hebdomadas,
979 859 1093 943 atque
1106 843 1109 850 ¹

90 959 184 1029 adeo
214 983 365 1030 menses
395 960 543 1057 sanguis
579 957 809 1030 reddebatur
844 961 1014 1056 quotidie
1046 963 1105 1038 ad

88 1077 261 1173 quinque
274 1091 339 1147 aut
354 1101 417 1148 sex
430 1077 578 1164 unciaS,
594 1089 637 1147 ut
643 1076 720 1171 jam
734 1101 831 1174 aeger
845 1079 1095 1173 quotiescum-

88 1219 159 1290 que
179 1193 377 1265 ambulare
390 1193 520 1282 vellet,
539 1194 578 1262 in
597 1194 712 1262 animi
722 1181 886 1292 deliquia
898 1195 1091 1269 incideret.

89 1313 154 1381 Cui
174 1313 373 1410 sanguinis
400 1310 514 1382 fluxui
535 1335 660 1383 comes
689 1327 768 1382 erat
787 1299 990 1402 diarrhoea,
1019 1339 1111 1411 qua·

88 1428 201 1501 modo
230 1429 347 1519 llava,
375 1426 491 1499 modo
515 1429 622 1499 aliter
646 1428 811 1500 colorata
835 1430 1096 1525 ejiciebantur.-

87 1550 167 1618 Haec
184 1572 291 1618 nunc
307 1547 518 1634 remissior,
537 1571 640 1616 nunc
658 1549 764 1617 aneta
784 1546 831 1617 ad
850 1557 1011 1618 mortem
1031 1537 1094 1620 us'-

89 1689 158 1761 que
174 1664 416 1762 perduravit,
434 1678 476 1734 ut
490 1665 733 1760 purulentum
752 1687 904 1761 quoque
931 1665 1012 1734 lotii
1034 1691 1092 1736 se-

89 1780 316 1869 dimentum,
334 1796 370 1852 et
387 1782 516 1852 mietio
537 1803 632 1879 saepe
653 1804 737 1852 cum
755 1779 908 1870 dolore,
926 1778 1002 1852 fere
1024 1807 1091 1852 au·

89 1913 158 1969 tem
175 1922 328 1996 semper
346 1913 481 1996 praeter
505 1899 737 1972 voluntatem
755 1925 762 1966 :
787 1898 890 1996 quod
910 1900 940 1969 si
957 1899 1092 1969 lotium

89 2014 134 2086 ob
154 2018 322 2088 materiae
337 2019 571 2088 tenacitatem
589 2016 778 2114 paulisper
793 2018 831 2085 in
848 2018 970 2088 vesica
994 2029 1091 2114 stag-

91 2151 215 2225 naret,
234 2133 534 2222 acerbissimum,
545 2135 750 2232 praesertim
762 2131 851 2204 dum
863 2123 1094 2206 exitum'ten-

90 2267 201 2342 taret,
226 2251 398 2324 dolorem
427 2252 557 2324 ciebat.
586 2254 676 2342 Quae
704 2252 831 2321 omnia
856 2252 1091 2351 cumplures

90 2393 207 2456 annos
226 2385 441 2458 vexassent,
455 2368 660 2466 pulsusque
684 2368 783 2438 celer
802 2391 949 2466 semper
975 2383 1090 2452 esset,

90 2485 267 2586 frequens
286 2502 323 2558 et
342 2469 536 2584 turgidus,
564 2487 636 2556 alia
659 2501 784 2557 tamen
812 2487 969 2558 deerant
986 2489 1091 2584 signa

92 2631 168 2702 quae
186 2604 335 2676 febrem
352 2605 479 2676 adesse
503 2603 780 2676 confirmarent.
799 2604 942 2676 Diebus
961 2604 1092 2676 dunta-

91 2737 244 2794 xataute
255 2722 401 2794 obitum
415 2723 564 2793 circiter
574 2721 832 2819 quadraginta,
844 2747 928 2792 curn
939 2722 1024 2791 aleae
1036 2723 1099 2790 iri-¹

94 2839 251 2939 dulgens
271 2839 477 2937 vigilasset,
503 2863 674 2938 aegreque
691 2837 834 2909 tulisset
852 2837 940 2907 inde
958 2836 1092 2907 factam

94 2961 339 3056 pecuniarum
358 2958 564 3052 jacturam,
583 2954 762 3026 decubuit
780 2978 866 3024 cum
892 2955 1036 3024 vomitu
1057 2971 1094 3025 et

95 3072 216 3162 febre,
235 3099 317 3171 quae
343 3073 416 3144 levi
446 3097 532 3143 eum
559 3072 719 3142 horrore
744 3085 780 3141 et
806 3095 892 3141 curn
918 3073 1095 3168 gravitate

98 3193 226 3290 eapitis
245 3188 430 3287 prodibat.
450 3189 605 3260 interim
624 3203 774 3260 auctum
795 3203 850 3259 est
868 3189 982 3258 urinae
1001 3188 1097 3259 sedi·

98 3325 265 3408 mentum
278 3361 288 3395 ,
300 3309 476 3404 auctique
486 3309 525 3376 in
542 3305 747 3404 mingendo
763 3305 932 3392 dolores,
949 3306 1015 3401 qui
1028 3331 1102 3377 ma·

100 3426 153 3521 gis
172 3450 323 3522 semper
337 3425 529 3521 magisque
548 3425 758 3510 saevientes,
777 3422 982 3518 singultum
1004 3425 1103 3494 exci-

104 3539 251 3618 tarunt(
266 3548 334 3617 Hic
360 3562 487 3617 tamen
505 3561 590 3642 post
601 3545 745 3616 multos
770 3542 848 3614 dies
867 3543 1016 3615 sedatus
1034 3559 1106 3633 est,

104 3660 385 3760 erumpentibus
403 3662 546 3732 interea
562 3661 724 3758 pustulis
740 3661 838 3730 circa
856 3659 979 3746 labra,
996 3674 1032 3730 et
1048 3685 1109 3730 ve-

105 3775 305 3849 risimiliter
322 3779 369 3849 ad
385 3775 511 3850 fauces
527 3801 704 3874 quoque,
725 3791 768 3846 ut
793 3801 966 3874 pungens
983 3775 1030 3844 ad
1047 3799 1107 3847 eas

105 3893 230 3980 dolor,
250 3911 285 3966 et
300 3895 534 3994 deglutiendi
553 3891 773 3980 difficultas,
794 3908 831 3963 et
850 3891 1033 3963 viscidum
1053 3905 1109 3962 te·

107 4035 248 4116 uaxque
270 4027 425 4116 sputum
448 4012 678 4088 indicabant.
701 4011 873 4090 Pruritus
900 4010 1056 4108 insuper
1072 4009 1111 4078 in
