2814 4674
309 405 356 488 44
475 424 522 470 nr
548 411 692 488 surmus
716 423 761 470 er
786 405 910 472 cidus
935 421 1168 510 nonrorun'

359 536 415 608 23.
447 539 526 632 Ego
557 559 647 606 vero
678 537 746 608 etsi
775 551 937 634 quatuor
963 537 1201 634 potissimum
1231 557 1324 608 esse

309 654 408 742 dixi,
436 678 518 751 quae
536 652 715 724 amendia
737 652 848 724 nobis
865 669 1080 752 oporteret,
1099 669 1321 741 tumorem,

308 771 515 856 vomitum,
534 771 713 857 maciem,
731 767 891 841 febrim:
915 795 980 844 eos
995 759 1122 842 tamen
1140 771 1205 869 qui
1225 783 1321 841 ante

309 909 370 962 me
392 886 514 958 locuti
542 901 665 958 essent
693 886 858 975 laudavi,
874 887 978 985 quod
995 902 1184 960 tumorem
1205 909 1323 984 spec-

309 1019 449 1082 tassent
468 1005 674 1102 praeoipue,
706 1005 835 1102 quint
859 1005 1005 1102 reliqua
1032 1005 1321 1099 antecessisset,

309 1121 362 1192 ita
380 1145 512 1193 eorum
542 1145 652 1194 causa
682 1120 802 1194 videri
829 1137 966 1220 posset.
993 1123 1165 1194 Tumoris
1184 1135 1321 1194 autem

309 1240 427 1336 ipsius
445 1263 593 1312 eausam
611 1264 633 1310 a
654 1263 714 1310 me
736 1221 891 1336 quidem
922 1239 1025 1312 credi
1052 1243 1091 1310 in
1122 1239 1322 1338 sanguinis

308 1381 379 1455 per
398 1381 532 1428 venam
550 1371 745 1456 portarum
763 1357 889 1428 minus
906 1356 1081 1455 expedito
1105 1371 1213 1428 motu
1232 1380 1319 1428 esse

220 1533 223 1541 .
310 1472 417 1547 facile
435 1473 731 1572 agnoscendam,
751 1495 873 1570 quem·
884 1473 1062 1546 diuturna
1092 1476 1206 1547 sessio
1218 1491 1234 1560 ,'
1261 1471 1318 1544 af-

310 1590 422 1664 fectio
459 1592 812 1691 hypoehondriaca,
847 1593 1039 1690 sanguinis
1067 1616 1135 1690 per
1152 1589 1318 1662 haemor·

308 1709 462 1782 rhoides
480 1709 602 1786 fluxus
614 1729 626 1798 ,'
637 1710 738 1780 utilis
761 1733 847 1780 cum
866 1706 935 1780 fuit
956 1725 1019 1780 aut
1032 1709 1162 1798 rediit,
1178 1709 1317 1780 noxius

311 1851 397 1898 cum
425 1826 591 1898 decrevit
612 1840 676 1896 aut
695 1824 824 1913 desiit,
855 1850 934 1896 non
955 1805 1115 1898 obscilre
1133 1823 1318 1923 significa·

234 1939 240 1954 '
309 1961 404 2016 rent.
437 1943 494 2015 Ab
527 1942 715 2016 retardato
745 1944 859 2041 igitur
880 1969 925 2014 eo
952 1960 1059 2017 motu
1084 1933 1316 2015 irritationes

310 2077 410 2136 ortas
428 2077 465 2133 et
481 2062 727 2158 crispaturas,
751 2075 789 2131 et
808 2059 979 2149 dolores,
1011 2077 1048 2132 et
1066 2062 1227 2137 tumoris¹
1244 2060 1318 2130 ini·

308 2181 404 2254 tium
417 2179 582 2276 denique
597 2179 637 2248 in
658 2179 782 2276 aliqua
798 2203 926 2250 earum
944 2181 1126 2276 partium,
1141 2204 1160 2250 a
1174 2178 1318 2276 quibus

308 2296 459 2371 rediens
486 2297 635 2395 sanguis
660 2296 699 2366 in
720 2321 800 2366 earn
826 2321 959 2367 venam
983 2312 1039 2368 est
1055 2295 1316 2394 excipiendus.

307 2418 394 2487 Esse
424 2428 549 2487 autem
583 2413 665 2485 illas
691 2428 826 2512 praeter
847 2429 1043 2485 omentum
1068 2428 1105 2485 et
1129 2413 1316 2486 merente*

308 2532 432 2618 rium,
456 2530 545 2603 alias
566 2556 740 2629 quoque,
760 2534 946 2630 praecipue
966 2547 1091 2604 autem
1115 2533 1315 2620 intestina,

307 2649 425 2746 magis
444 2671 532 2720 sane
549 2673 662 2745 quam
684 2673 922 2739 mesaraeum,
937 2651 1059 2720 vicina
1075 2651 1313 2748 tangentium

308 2765 502 2854 manibus,
532 2791 602 2837 nec
629 2767 890 2864 minus'quam
909 2768 954 2838 iis
972 2792 1125 2838 annexae
1145 2767 1314 2838 mesaraei

306 2898 449 2982 parteS,
474 2886 551 2954 imo
571 2884 630 2956 vel
648 2885 765 2982 magis
786 2909 897 2983 quam
918 2909 969 2954 eae
993 2885 1199 2982 praesertim
1225 2909 1313 2981 quae

308 3015 439 3072 centro
455 3001 572 3098 ipsius
594 3016 682 3075 sunt
696 3003 920 3100 propiores,
940 3000 1201 3098 hucillucque
1229 3025 1314 3072 mo·

307 3115 406 3194 bilia.
432 3122 514 3194 Huc
542 3117 636 3188 illud
662 3119 840 3194 accedere
870 3117 975 3217 quod
999 3119 1050 3192 sic
1070 3116 1213 3190 facilius
1232 3134 1314 3188 tum

309 3234 495 3310 diuturnae
512 3228 585 3306 aivi
602 3235 875 3325 adstrictionis,
907 3251 988 3307 tum
1012 3234 1168 3307 fortasse
1198 3235 1314 3311 etiam

307 3367 383 3424 tarn
404 3350 526 3428 crebri
538 3354 604 3449 qui
614 3353 777 3430 adhanc
788 3368 1020 3426 accesserant
1031 3354 1215 3440 vomitus,
1232 3377 1314 3450 pos

308 3494 432 3543 semus
461 3471 644 3543 rationem
677 3468 856 3567 proferre.
883 3470 1105 3542 Constrictis
1135 3469 1237 3540 enim
1266 3469 1313 3541 iis

307 3611 389 3684 quae
408 3587 447 3658 in
467 3588 535 3660 ista
550 3588 691 3660 ventris
704 3588 858 3684 regione
879 3603 965 3659 sunt
983 3587 1169 3658 intestinis
1187 3587 1311 3657 tenui-

306 3705 400 3793 bus,
418 3730 496 3775 non
514 3706 579 3774 viae
601 3705 825 3775 diametrum
844 3703 1024 3776 duntaxat
1042 3719 1079 3776 et
1094 3704 1311 3802 peristaltici

307 3838 431 3904 motus
449 3823 525 3900 vim
546 3806 690 3908 minui,
711 3822 777 3894 sed
799 3838 835 3896 et
854 3823 1078 3896 irritamenti
1095 3820 1240 3918 aliquid
1265 3819 1312 3892 ad

305 3926 874 4049 proximum'continuatumque
889 3940 1140 4016 ventriculum
1155 3965 1236 4022 non
1247 3937 1312 4034 dit,
