2810 4668
217 473 284 518 ΗΒ.
313 473 366 518 111.
395 473 441 518 DE
467 473 602 521 molins
622 475 791 537 vntris,
817 477 929 524 nrtsr.
957 479 1068 526 XLVII·
1095 458 1168 555 627

167 601 400 673 moraretur,
428 585 528 658 idem
549 587 688 659 accidit
716 589 820 683 quod
850 588 952 662 haud
977 616 1063 663 raro
1089 593 1173 666 aliis.

164 725 341 798 quoque,
358 719 401 774 ut
422 727 467 776 ex
478 705 645 800 impuris
661 705 839 777 haiitibus
856 709 895 776 in
913 704 1056 780 febrem
1074 710 1170 782 inci-

162 819 272 892 deret
295 823 481 918 prim-um,
504 837 547 892 ut
569 846 614 892 ex
633 825 771 920 praevio
793 821 931 922 frigore
953 825 1173 917 videbatur,

162 937 502 1026 intermittentem,
526 963 614 1010 mox
625 940 692 1012 ubi
701 943 908 1013 Peruviano
918 944 1057 1016 cortice
1068 943 1172 1014 inhi-

161 1052 248 1124 beri
260 1079 340 1124 non·
352 1057 474 1152 potuit
485 1109 495 1140 ,
508 1057 727 1128 contin-uam
736 1055 871 1129 factam
881 1074 1085 1146 etacutam,
1097 1084 1166 1132 nec

163 1171 243 1242 sine
260 1173 488 1270 vaniloquio.
508 1174 638 1269 Itaque
655 1175 852 1246 mulierem
871 1177 1030 1260 sustulit.
1050 1177 1166 1273 Cujus

162 1290 306 1362 viscera
327 1291 542 1387 inspectans
558 1289 675 1362 ferme
686 1293 812 1364 omnia
825 1295 925 1364 circa
935 1294 1102 1366 medium
1112 1292 1167 1366 fe-

160 1407 357 1498 bruarium
381 1411 472 1479 anni
500 1409 607 1506 1736,
627 1433 746 1506 panea
776 1409 854 1482 haic
879 1435 962 1507 quai
993 1411 1167 1483 morbida

159 1527 239 1596 visa
258 1543 346 1598 sunt
358 1581 369 1614 ,
383 1527 570 1600 adnotavi.
599 1527 753 1600 Cerebri
771 1529 924 1600 meninx
943 1531 1065 1600 tenuis
1081 1555 1165 1600 vasa

159 1641 294 1714 haiuait
311 1645 493 1742 sauguine
510 1643 691 1733 distenta,
722 1647 903 1744 nulloque
936 1646 1089 1743 negotio
1120 1671 1166 1717 ex

158 1758 362 1858 profundis
383 1761 497 1833 sulcis
511 1763 578 1858 qui
596 1777 683 1834 sunt
705 1766 744 1834 in
762 1764 842 1858 ejus
863 1763 1012 1836 visceris
1034 1787 1166 1861 super·

158 1875 266 1966 ficie,
283 1879 431 1950 detrahi
452 1881 586 1977 potuit.
605 1880 764 1952 Ecorde
787 1905 932 1978 egressa
953 1905 1087 1978 magna
1104 1905 1164 1951 ar-

156 1998 251 2068 teria
265 2012 345 2068 tum
361 2022 475 2096 supra
491 1998 675 2085 valvuias,
695 2014 775 2070 tum
795 1998 903 2087 alibi,
922 2014 964 2071 ut
985 2014 1073 2096 puta
1090 2023 1167 2094 qua

156 2138 227 2212 per
245 2129 416 2202 ventrem
440 2114 685 2202 decurrebat,
700 2115 805 2186 ,alba
822 2118 927 2188 intus
949 2113 1166 2186 futurorum

158 2232 409 2304 ossieuiorum
437 2231 601 2305 ostendit
631 2233 745 2306 initia.
777 2237 936 2306 Uterum
969 2259 1165 2331 nunquam

158 2347 290 2420 foetum
313 2350 466 2446 gessisse
497 2349 671 2444 hymenis
700 2351 885 2447 inspectio
913 2352 1060 2436 docuit,
1096 2351 1169 2422 hu-

158 2468 258 2540 milis
276 2468 456 2565 quidem,
477 2467 542 2540 scd
564 2468 722 2566 integri,
748 2483 847 2538 certe
868 2493 1055 2564 nusquam
1074 2467 1166 2538 diia-

156 2585 283 2658 cerati.
308 2585 508 2683 Idemque,
540 2603 651 2656 utero
679 2587 819 2670 inciso,
850 2575 1005 2657 cervicis
1037 2586 1167 2656 intima

155 2719 345 2778 structura
365 2702 617 2790 confirmavit,
639 2727 775 2802 magna
787 2729 832 2776 ex
852 2719 958 2801 parte
975 2701 1077 2774 haud
1097 2703 1170 2774 alia

154 2838 270 2919 atque
290 2825 330 2894 in
349 2823 393 2893 iis
406 2847 488 2919 quae
502 2849 580 2893 non
595 2839 836 2920 pepererunt.
847 2820 1166 2907 Funditamen,in

155 2956 413 3013 transversum
443 2939 618 3028 dilatati,
633 2941 882 3038 posteriorem
911 2940 1100 3010 internam
1116 2936 1167 3008 fa-

156 3057 254 3126 ciem
287 3058 460 3155 superius
490 3060 740 3136 excrescentia
773 3055 1007 3142 obducebat,
1038 3055 1190 3126 circuli

158 3171 301 3270 figura:
328 3199 410 3271 quae
444 3173 492 3246 ab
525 3175 640 3254 latere
664 3175 747 3274 ipso
776 3175 932 3246 dextero
963 3174 1171 3270 incipiens,

158 3289 265 3362 haud
297 3293 347 3362 ita
374 3292 510 3390 procul
539 3318 560 3363 a
596 3293 746 3367 sinistro
774 3291 991 3376 desinebat,
1022 3305 1169 3362 utnon

161 3410 285 3480 inuito
301 3412 441 3482 nrinori
464 3427 561 3484 esset
576 3411 760 3485 diametro
785 3433 898 3508 quam
918 3410 981 3481 illa
1015 3432 1097 3506 quae
1114 3431 1173 3480 su·

161 3549 229 3622 pra
247 3526 304 3622 (ι)
318 3527 358 3598 in
377 3529 609 3602 Bononiensi
626 3529 782 3600 muliere
802 3528 988 3626 descripta
1005 3541 1070 3598 est.
1098 3523 1172 3596 Sed
1224 3623 1226 3629 s

162 3666 259 3731 non,
281 3659 324 3716 ut
343 3645 426 3734 ilia,
442 3661 521 3718 erat
538 3646 681 3736 soluta,
700 3648 730 3726 si
747 3669 901 3744 parvam
920 3645 1081 3746 excipias
1096 3667 1164 3740 par

165 3847 1185 3876 *numm-*¹⁸¹

207 3995 253 4077 (¹)
274 3999 313 4056 N·
338 4018 365 4070 t·
