2790 4668
275 357 345 446 504
446 383 492 430 nu
519 383 664 430 sumnus
689 385 733 430 er
759 383 882 430 ciusts
908 383 1121 432 nonnonuu

273 495 444 584 vincula,
465 495 839 568 sedtantumlaxata.
853 497 954 568 Dixit
966 502 1275 571 autemetvesicae
1350 509 1353 516 “

273 611 451 700 vincula,
478 620 670 712 quianam
688 627 793 702 utero
819 594 1212 706 vesicamurrnariarn
1232 621 1276 685 si-

274 732 412 802 militer
441 748 587 832 mutato
614 731 700 802 sede
715 734 976 830 procubuisse,
1004 757 1073 831 per
1090 732 1279 806 dissectio·

273 875 362 922 nem
380 849 649 948 deprehendit:
669 848 775 946 quod
793 857 927 922 mirum
946 867 1038 922 tunc
1050 852 1123 949 ipsi
1137 851 1279 936 visum,

163 1041 183 1066 κ
276 965 600 1066 etplanenovum,
616 969 824 1040 necessario
842 967 1012 1052 accidere
1032 970 1071 1039 in
1093 967 1281 1064 ejusmodi

276 1085 525 1184 prolapsuum
563 1109 728 1182 genere,
765 1084 962 1156 admonuit
1004 1101 1133 1184 postea
1164 1089 1285 1182 Ruys-

278 1201 464 1302 chius(1.)

335 1320 388 1393 13.
405 1321 561 1412 Quod
535 1345 565 1392 st
584 1345 676 1390 mrra
686 1319 763 1392 baec
773 1320 949 1392 v1dentur
959 1345 1064 1426 quae
1054 1337 1179 1393 tamen
1194 1346 1284 1419 pau·

277 1439 380 1511 latim
399 1437 480 1510 fieri
494 1438 635 1528 soient
651 1453 691 1508 ut
704 1445 887 1528 mxtnrus
902 1455 938 1512 et
955 1439 1069 1538 longo
1087 1453 1283 1536 tempore,

278 1557 374 1630 illud
388 1583 465 1628 non
487 1571 587 1628 caret
604 1557 868 1646 admiratione,
887 1558 990 1656 quod
1006 1559 1149 1628 tametsi
1163 1557 1287 1630 multo
1378 1650 1379 1656 ἵ

281 1677 406 1760 minus
428 1677 492 1762 sit,
509 1673 551 1746 fit
569 1676 743 1748 citissime
757 1675 938 1780 brevique
953 1690 1123 1800 tempore
1138 1674 1215 1747 ab
1203 1699 1288 1774 ipsa
1378 1657 1379 1660 Ἴ

281 1809 425 1866 natura.
455 1799 499 1866 In
527 1807 637 1892 partu
669 1794 793 1880 euim,
813 1807 855 1864 ut
884 1792 1007 1864 verbis
1033 1765 1287 1890 Slevogtii(2)
1378 1829 1380 1836 ,

280 1935 361 1986 rem
379 1911 554 2009 eloquar,
573 1910 738 1982 osculnm
758 1927 854 1984 utert
845 1909 920 1980 ad
937 1912 1121 2006 orificium
1132 1916 1289 2006 vaginae
1380 1899 1381 1902 ¹

277 2035 437 2128 propius
454 2027 621 2116 accedit,
643 2029 813 2126 hancque
839 2054 887 2100 ex
914 2027 1025 2124 longo
1039 2017 1207 2126 plicatili
1225 2053 1289 2099 ca·

282 2147 366 2216 nali
390 2153 427 2216 in
449 2145 616 2242 amplum
645 2145 821 2218 circulum
851 2143 1048 2232 distendit,
1082 2151 1289 2217 transitum

283 2265 479 2356 embryoni
491 2263 783 2362 respondentem.
797 2264 907 2354 ,Quin
925 2265 1034 2336 etiam
1049 2263 1116 2336 ubi
1132 2279 1291 2362 propter
1384 2287 1385 2296 ³

284 2379 395 2454 foetus
419 2381 724 2468 crassitudinem,
752 2383 973 2480 viarumque
992 2383 1200 2481 augustias,
1216 2397 1290 2454 tar-

284 2499 369 2574 dius
387 2501 595 2598 aegriusque
613 2497 655 2574 fit
675 2515 827 2598 partus,
849 2516 936 2570 tunc
949 2524 1206 2598 soepenumero
1219 2525 1290 2598 per

285 2623 522 2712 continuatos
537 2625 637 2706 nisus
640 2623 844 2718 parientis,
862 2624 996 2689 ostium
1004 2623 1170 2694 metricis
1187 2643 1214 2688 a
1227 2641 1288 2688 ca·

277 2743 361 2834 pite
378 2737 673 2836 infantirplane,
693 2752 729 2806 et
737 2735 793 2806 ad
799 2735 980 2834 pollicem
995 2760 1109 2806 unum
1116 2735 1182 2807 vel
1193 2735 1288 2806 duos

286 2854 401 2942 lotor,
417 2869 526 2926 entra
543 2854 693 2926 vulvam
697 2852 930 2954 propellitur
936 2882 946 2943 ,-
961 2851 1035 2924 hoe
1046 2853 1168 2942 enim,
1183 2852 1287 2954 quod

171 2991 176 3000 '
286 2971 530 3046 Munnickius
555 2973 676 3060 rarius
701 2971 929 3078 crediderat,
960 2977 1051 3042 satis
1065 2973 1290 3070 frequenter

283 3093 356 3164 ribi
370 3097 588 3179 occurrisse,
608 3115 674 3160 nec
690 3088 838 3186 aliquid
847 3089 1081 3186 portendisse
1090 3091 1186 3160 mali
1190 3144 1200 3176 ,
1214 3105 1285 3162 tes-

285 3224 385 3280 tatur
417 3209 635 3304 Slevogtius.
665 3207 761 3280 Illud
789 3205 1014 3295 mirabilius,
1045 3207 1151 3304 quod
1178 3217 1300 3281 utero·

285 3324 439 3422 gravido
459 3340 560 3399 extra
587 3323 768 3398 naturalis
794 3349 878 3398 oras
911 3326 1008 3396 intra
1031 3325 1205 3423 vaginam
1233 3328 1286 3396 in-

284 3467 428 3514 versam
452 3441 713 3541 propendente
729 3438 872 3528 „foetus
898 3441 1149 3514 nihilominus
1171 3443 1287 3516 editus

286 3563 341 3632 sit.
365 3561 478 3654 Cujus
501 3561 555 3630 rei
574 3560 733 3657 primam
747 3614 758 3664 ,Ι
779 3558 884 3656 quod
900 3561 1036 3658 sciam,
1056 3559 1285 3633 observatio·

325 3842 366 3923 (ι)
389 3849 470 3900 Loco
483 3862 572 3917 supra
586 3843 708 3902 indicat.
722 3846 761 3901 nd
773 3864 803 3900 n.
819 3854 848 3914 t.

320 3945 363 4022 (α)
386 3945 509 4003 Dissert.
523 3962 611 4024 supra
623 3945 659 4004 ad
672 3965 702 4006 u.
720 3954 736 4018 i
751 3947 820 4021 uit,
836 3950 851 4016 5
865 3953 881 4015 t
896 3957 924 4002 et
937 3943 966 4008 5.
