2740 4670
138 404 215 460 ‘uua
242 410 296 457 111.
325 409 857 474 unuonrrsvsurnrs,ur1sr.
886 411 973 460 xmr.
1002 387 1076 487 349.

86 525 168 598 deus
191 540 275 622 post
295 523 440 632 obitum
465 525 638 595 inventus
667 524 714 594 sit
737 523 845 621 digiti
867 525 1075 598 latitudine.

86 643 188 732 Quod
217 657 342 714 autem
369 643 408 710 in
430 643 502 712 isto
530 642 620 712 artis
645 641 829 738 imperitis
858 640 1014 733 fecerat,
1036 645 1089 714 iu·

84 764 289 858 Praxagorae
317 760 472 830 homine
488 757 639 830 videtur
653 741 810 831 morbus
825 758 972 850 fecisse3
997 763 1077 858 ejus

85 879 177 950 euim
212 877 513 949 observationem
544 873 677 948 Rullus
709 892 794 974 post
820 877 882 948 illa
907 878 1078 974 subjicit,

86 970 285 1091 aliquando
293 1000 331 1064 in
340 1000 547 1064 intestinum
557 995 948 1093 obssessusrumpitur:
958 1021 1080 1093 quan-

85 1137 211 1209 quam,
226 1137 274 1182 ne
288 1111 380 1207 quid
394 1111 643 1197 dissimulem,
662 1110 709 1182 de
722 1110 896 1182 abscessu
911 1113 1079 1210 loquitur

86 1253 229 1326 renum,
252 1230 355 1299 nosti
375 1243 498 1302 autem
516 1227 737 1298 Pechliuum
751 1227 826 1324 (1),
856 1253 942 1299 cum
969 1231 1078 1301 urina

85 1369 146 1443 per
161 1346 286 1416 alvum
302 1346 506 1442 quinquies
523 1343 583 1414 vel
601 1345 718 1416 sexies
736 1345 906 1442 quotidie
923 1347 1078 1441 ejiqere·

86 1478 140 1534 tur
157 1463 195 1532 in
218 1461 385 1534 iscburia
402 1462 566 1532 bominis
585 1485 719 1534 renum
737 1477 774 1531 et
791 1463 920 1532 vesicae
935 1463 1079 1534 calculo

87 1579 299 1666 laborantis,
320 1583 359 1649 in
373 1579 509 1649 medio
533 1579 747 1674 reliquisse,
770 1603 817 1648 an
837 1579 898 1648 illa
915 1604 940 1647 a
955 1586 1081 1650 vesica

87 1702 120 1766 in
141 1699 367 1769 substratum
386 1702 567 1794 proxime
601 1702 812 1766 intestinum
840 1711 980 1766 rectum
1010 1723 1084 1793 per

89 1839 193 1886 novas
215 1815 483 1912 tabulatnsqne
497 1821 601 1901 viar,
620 1840 671 1883 an
687 1839 712 1882 a
731 1815 876 1884 renibus
901 1813 956 1884 ‘ad
973 1821 1081 1885 intes-

90 1937 159 2004 tina
176 1915 338 2004 deducta
360 1947 461 2002 esset.
488 1936 671 2004 Ceterum
698 1930 745 2001 de
762 1932 891 2002 vesicae
908 1931 1081 2003 abscessu
1156 1979 1162 1998 ‚

88 2063 258 2146 rectoque
283 2051 462 2121 intestino
477 2051 681 2120 ,remelius
706 2050 760 2146 (α)
781 2027 968 2145 loquitur,
995 2075 1081 2120 cum

88 2172 198 2238 uisum
217 2193 296 2240 esse
314 2169 385 2255 ait,
418 2167 524 2236 illum
553 2183 826 2264 nonnunquam
853 2173 942 2237 etin
966 2175 1081 2238 anniti

86 2299 295 2378 penetrare,
323 2284 484 2381 illacque
505 2290 654 2354 urinam
679 2309 825 2354 omnem
841 2284 1011 2382 defluere.
1040 2289 1086 2356 Et

89 2385 259 2474 Hildarlus
268 2401 346 2499 (ὃ),
366 2419 452 2472 cum
465 2402 708 2500 postlongam
721 2391 848 2474 vesicae
862 2402 1085 2493 ischuriam,

91 2531 124 2590 et
143 2521 363 2615 purulentas
379 2521 507 2590 urinas
524 2519 675 2591 vidisset
697 2519 764 2590 has
784 2520 937 2590 demum
954 2523 1087 2617 viginti

90 2635 222 2708 ultimis
239 2640 321 2711 vttae
342 2637 496 2726 diebus,
513 2662 592 2707 non
608 2661 676 2734 per
695 2637 815 2707 colem
829 2638 1006 2734 amplius,
1021 2638 1086 2709 sed

91 2775 152 2848 per
171 2754 346 2852 podicem
377 2779 485 2826 nunc,
498 2779 682 2842 seorsum,
714 2779 811 2824 nune
832 2779 923 2826 vero
948 2761 1091 2826 ininius

91 2879 323 2943 excrementis
341 2870 513 2960 effluere3
529 2871 779 2970 deprehendit
791 2899 834 2942 ex
850 2873 979 2944 vesicae
995 2897 1087 2942 cavo

92 2990 291 3063 rotundum
313 2990 551 3062 ulcusculum
565 2991 604 3060 in
617 3005 761 3079 rectum
773 2992 990 3062 intestinum
1004 3015 1089 3087 pro·

94 3101 184 3178 duci.
204 3107 481 3198 Quamobrem,
502 3133 588 3179 eum
613 3109 684 3205 ipsi
698 3109 870 3182 Horstius
886 3107 1089 3206 significas-

94 3237 163 3309 set,
179 3227 375 3314 mulierem
388 3251 471 3322 quae
483 3225 575 3296 dum
588 3225 635 3296 ab
649 3225 784 3296 arbore
800 3225 969 3312 caderet,
989 3228 1094 3324 geni-s
1191 3269 1192 3274 κ

94 3341 171 3413 talis
188 3343 455 3415 lacerationem
485 3343 691 3430 retulisset,
721 3358 757 3413 et
776 3367 862 3444 mor
881 3345 1018 3416 vulnus
1035 3359 1090 3416 te·
1185 3348 1189 3353 ’

95 3481 189 3532 mere
205 3462 367 3534 exterius
389 3463 581 3552 clausisset
592 3514 602 3548 ,
613 3461 690 3555 jam
703 3458 803 3529 ultra
823 3476 992 3532 semestre
1008 3489 1091 3562 spa·

906 3645 1090 3660 W

148 3758 173 3840 ι)
193 3761 263 3818 vid.
274 3773 330 3818 act.
344 3764 427 3820 erud.
442 3763 523 3836 Lips.
539 3781 595 3820 an..
605 3762 677 3838 1691
692 3759 809 3833 mmaj.
885 3825 886 3832 ἵ

147 3860 176 3936 n)
196 3863 310 3918 Pathol.
326 3864 345 3916 l.
364 3864 396 3934 6,
414 3883 439 3919 c.
457 3863 503 3918 13.

147 3957 174 4036 3)
196 3963 280 4018 Ceut.
297 3981 328 4031 a,
345 3962 408 4019 obs.
425 3959 474 4021 65.
