2746 4674
329 377 395 476 178
485 397 537 448 ‚nr
563 393 709 446 sameas
733 395 777 442 rr
802 393 926 442 masis
951 357 1159 443 moimarii

321 516 474 585 XXXIV
492 509 546 608 (ι)
567 508 734 606 quaedam
750 529 881 580 corum
899 533 981 604 quae
999 507 1081 597 itte,
1101 492 1231 581 earam
1253 533 1312 580 au·

322 647 397 735 tem
414 655 495 727 quae
509 630 587 726 ipse
602 627 800 724 conspexi,
824 607 1008 697 nonndlia
1024 627 1181 726 epistola
1196 631 1242 699 lV
1261 626 1309 724 (a)

273 741 276 748 ’
319 763 359 820 et
373 753 406 818 X
419 747 495 844 (3),
512 748 551 816 in
569 747 723 842 aliisque
739 744 808 814 alia
827 743 992 816 habebis.
1008 747 1097 834 Quae
1112 746 1227 843 igitur
1243 745 1309 816 huc

321 865 558 962 potissimum
596 878 763 960 spectare
803 861 969 950 credidi,
995 887 1040 933 ex
1069 863 1134 934 illo
1162 862 1311 960 quidem

318 980 397 1052 hrec
417 997 514 1056 sunt.

368 1104 403 1186 4.
427 1099 579 1169 iuvenis
597 1096 785 1196 agricola,
804 1097 912 1191 cujus
927 1093 1006 1166 diro
1020 1083 1175 1185 'tratrem
1193 1111 1230 1171 et
1248 1097 1309 1194 ipsi

316 1217 492 1312 juvenes,
508 1216 614 1286 annis
628 1201 887 1311 superioribus
902 1237 948 1284 ex
965 1219 1080 1313 acutis
1088 1213 1232 1286 morbis
1244 1215 1309 1286 cir-

313 1357 362 1404 'ca
378 1357 534 1404 vernum
545 1331 810 1430 aequinoctium
825 1332 1060 1419 interierant,
1078 1330 1212 1403 eodem
1228 1331 1308 1402 anni

315 1465 488 1548 tempore
504 1449 549 1519 ad
567 1449 670 1519 hunc
685 1445 842 1518 modum
854 1447 1021 1520 decessit.
1037 1448 1208 1520 Scabiem
1226 1447 1306 1536 sihi,

307 1563 1307 1664 'nescioquoadhibitounguentoabegerat:paulopost

315 1685 424 1757 urina
434 1707 631 1782 suppressa
644 1697 718 1772 est,
733 1707 810 1774 noa
824 1685 902 1754 sine
911 1684 1055 1756 vomitu
1065 1698 1101 1764 et
1111 1683 1304 1757 dolorem-

312 1802 462 1874 terdum
478 1801 525 1871 ad
538 1798 708 1871 lumbum
724 1801 926 1872 sinistrum.
942 1803 1095 1872 Urina-m
1109 1817 1236 1874 tamen
1246 1803 1303 1874 aii·

295 1922 460 2016 =quoties
488 1931 619 2016 ¹postea
637 1918 817 2006 excrevit,
841 1915 903 1988 sed
926 1943 1081 2015 paucam
1104 1935 1140 1990 et
1157 1921 1302 1992 saturati

311 2036 426 2106 lixivii
440 2035 616 2116 similem,
636 2047 672 2106 et
691 2059 778 2105 cum
799 2033 930 2113 doiore
945 2063 957 2105 ·.
971 2037 1078 2134 cujus
1092 2039 1235 2110 exitum
1251 2027 1301 2108 ci·

309 2151 455 2224 thetere
469 2149 661 2248 expedire,
678 2153 931 2249 nequicquam
949 2169 1130 2225 tentatum
1143 2171 1212 2228 est.
1223 2161 1302 2226 Tm-

309 2267 396 2338 dem
418 2293 555 2366 corpus
570 2270 785 2341 universam
812 2271 994 2342 intumuit
1007 2297 1021 2358 3·
1035 2285 1085 2358 et,
1105 2274 1299 2345 accedente

301 2384 493 2458 daboriosa
511 2410 552 2456 ac
568 2411 698 2484 magna
712 2389 974 2485 respiratione,
992 2389 1195 2486 postridie,
1211 2393 1300 2463 circa

260 2489 263 2496 ’
304 2505 526 2602 vigesimum
546 2504 708 2602 primum
730 2529 751 2574 a
769 2493 1044 2603 suppressione*
1055 2505 1179 2595 diem,
1205 2529 1299 2579 mors

306 2621 458 2718 ingruit.
477 2624 607 2693 Vesica
621 2638 658 2692 et
673 2645 781 2693 rencs
798 2625 878 2693 sani
900 2639 1023 2712 erant;
1042 2619 1113 2695 'nisi
1132 2625 1237 2722 quod
1265 2623 1298 2693 hi

304 2737 497 2835 aliquanto
521 2741 701 2835 majores,
719 2739 780 2810 iila
802 2755 926 2810 autem
946 2739 1059 2812 libras
1083 2741 1297 2813 continebat

302 2856 453 2926 circiter
477 2857 569 2927 duas
597 2859 713 2927 urinae
742 2857 926 2952 ejusmodi
952 2857 1101 2953 qualem
1128 2857 1294 2930 diximus
1350 2857 1356 2866 ’

304 2971 428 3042 Sedet
447 2975 484 3041 in
502 2975 644 3044 ventris
658 2998 748 3044 cavo
768 2975 906 3044 humor
922 2973 1137 3071 stagnabat,
1152 2977 1294 3046 urinam

303 3087 429 3173 olens,
450 3104 622 3160 caeterum
641 3090 800 3188 limpidae
812 3085 919 3189 ⁴iquae
937 3091 1078 3162 similis.
1099 3093 1173 3182 Qui
1189 3093 1229 3163 in
1249 3093 1296 3162 vi·

298 3219 383 3276 treo
399 3231 485 3277 vase
500 3223 723 3295 asservatum
743 3209 859 3280 muita
882 3209 1031 3300 divulsa
1043 3211 1148 3305 qnasi
1176 3212 1294 3280 urina·

296 3343 386 3393 rum
413 3325 587 3394 contenta
615 3323 794 3396 exhibuit.
822 3327 904 3424 lgni
932 3342 1056 3397 autem
1080 3327 1293 3424 irnposituS,

298 3439 466 3536 primum
481 3440 656 3512 turbidus
672 3457 725 3514 est
745 3440 861 3514 factus
876 3457 911 3513 et
926 3443 1069 3513 vaccini
1083 3445 1160 3515 seri
1178 3445 1292 3515 consi·

297 3608 444 3632 ...,,,,,
820 3611 930 3637 ,,
1144 3617 1147 3622 .

338 3736 381 3816 (ι)
401 3739 439 3797 N.
464 3763 490 3812 7.

336 3837 379 3920 (a)
400 3843 437 3898 N.
463 3861 509 3916 19.

336 3938 379 4020 (3)
400 3944 437 3998 N,
463 3942 507 3997 13.
