2746 4674
270 453 339 528 136
433 477 479 526 un
506 477 654 527 snnmus
679 479 722 542 rr
748 475 871 528 «ansis
896 477 1106 528 uonronnn

262 595 314 664 ita
331 593 506 663 inventos
516 615 610 676 esse,
631 591 749 664 videri
762 607 907 691 potest:
923 593 1127 692 plerosque
1140 606 1274 666 autem
1370 605 1371 698 ἐ

265 708 442 781 homines
454 733 587 780 renum
602 707 799 782 doloribus
812 725 903 783 tunc
922 735 1001 783 esse
1013 726 1183 799 vexatos,
1194 712 1278 782 cui-

264 851 371 913 nam,
403 849 550 923 quaeso,
578 825 758 898 credibile
780 829 851 900 sit?
877 831 924 900 At
948 830 977 900 si
1003 851 1024 898 a
1049 825 1209 900 foetuum
1229 842 1280 898 vct

264 943 481 1042 puellorum
500 944 733 1042 inspectione
754 943 801 1039 ad
818 944 856 1018 id
872 923 1114 1018 scribendum
1137 943 1280 1016 induc-

264 1075 346 1132 tum
371 1084 450 1132 esse
483 1059 777 1158 suspicabimur,
801 1085 884 1160 quae
907 1062 1069 1160 suspicio
1083 1063 1133 1148 ¹in
1155 1059 1280 1132 adno-
1370 1057 1371 1124 i

264 1177 469 1249 rationibus
496 1177 658 1250 indicata
687 1193 742 1250 est
770 1178 817 1251 ad
842 1178 1030 1252 Eustachii
1058 1175 1200 1251 librum
1227 1179 1279 1250 de
1370 1205 1371 1258 t

266 1299 424 1372 renibus
447 1298 523 1396 (1);
542 1300 740 1372 Aristotele
765 1301 947 1398 seposito,
974 1314 1069 1397 quot
1096 1298 1157 1370 alii
1172 1313 1211 1370 et
1235 1301 1279 1369 in
1370 1325 1371 1366 3

265 1433 379 1516 quot,
406 1417 621 1516 quibusque
634 1417 735 1489 idem
752 1419 1279 1516 conspexerint,quaeuemus.
1370 1441 1371 1480 t

264 1533 487 1608 Eustachius
502 1535 576 1634 (a),
593 1537 658 1633 qui
675 1536 832 1626 multos,
848 1537 965 1634 siquis
979 1535 1095 1623 alius,
1112 1536 1282 1634 inspexit
1370 1535 1371 1597 ἰ

263 1652 451 1726 humanos
467 1677 593 1742 renes,
608 1655 647 1724 in
664 1677 743 1724 uno
764 1668 829 1726 aut
840 1653 958 1725 altero
974 1652 1154 1725 duntaxat
1171 1650 1213 1723 id
1240 1675 1281 1724 se
1370 1687 1371 1718 1

263 1770 419 1860 vidisse,
438 1772 629 1843 memoriae
652 1769 830 1843 tradidit:
849 1771 916 1868 qui
934 1771 1002 1842 etsi
1022 1772 1152 1850 reticet
1170 1795 1224 1840 au
1235 1793 1283 1842 ex
1370 1801 1371 1834 ι

262 1888 419 1962 renibus
437 1888 686 1976 laborassent3
710 1888 948 1960 subindicare
968 1901 1095 1960 tamen
1108 1886 1282 1974 videtur,
1370 1911 1371 1916 ¹

265 2032 353 2078 cum
364 2007 633 2078 alteriusrenes
640 2005 897 2102 magnitudine
906 2029 1070 2105 quoque,
1084 2005 1135 2076 ait
1141 2059 1150 2091 ‚
1151 2005 1282 2096 faa'sse
1370 2029 1371 2072 t

266 2123 382 2196 valde
408 2127 544 2218 insigni
570 2137 608 2194 et
629 2121 734 2194 alios
750 2123 860 2220 longe
880 2136 1102 2220 superante,
1133 2136 1281 2194 etcum

263 2239 352 2311 alibi
369 2238 424 2326 (3)
436 2254 565 2338 negat,
581 2239 620 2310 id
636 2239 831 2312 inventum
851 2240 914 2328 iri,
932 2243 1005 2310 nisi
1023 2253 1094 2308 aar
1110 2235 1283 2310 cadaver
1370 2269 1371 2306 3

262 2363 367 2428 nacti
380 2363 492 2428 simus
502 2411 512 2446 ,
523 2359 637 2454 'cujus
653 2382 758 2428 renes
777 2356 974 2428 tuberculis
991 2335 1179 2444 scateant,
1213 2370 1284 2428 aut
1370 2383 1371 2426 i

267 2490 407 2545 natura
425 2479 462 2543 in
480 2480 531 2544 er‘s
545 2473 826 2566 conformandis
843 2499 869 2544 a
883 2473 962 2570 lege
976 2497 1045 2545 saa
1059 2471 1278 2544 discesserit.
1370 2521 1371 2540 t

268 2591 380 2682 Quod
399 2615 485 2662 cum
499 2617 687 2690 perquam
705 2617 792 2663 raro
809 2591 1028 2690 contingere
1046 2593 1281 2662 anatomicus
1370 2623 1371 2662 4

266 2709 362 2781 adeo
379 2711 602 2782 exercitatus
620 2705 800 2797 affirmet,
821 2710 959 2779 mirum
975 2723 1074 2780 esset
1095 2709 1282 2806 scriptum
1370 2737 1371 2778 i

262 2842 393 2926 postea
404 2825 825 2925 fuisseaVcsiingio(4)
838 2830 976 2925 sapius
993 2839 1116 2896 tamen
1126 2848 1282 2896 renese
1370 2857 1371 2894 i

265 2944 591 3043 compactisveluti
595 2942 789 3040 glandulis
797 2940 1021 3040 inaequalem
1030 2943 1278 3040 superficiem,
1370 2941 1371 2944 ’

265 3086 378 3157 quam
397 3066 434 3130 in
439 3063 544 3152 foeta
566 3061 762 3150 exhibent,
791 3064 830 3130 in
856 3058 996 3130 adultis
1022 3083 1171 3157 quoque
1193 3064 1279 3132 reti·

264 3201 370 3266 nere,
380 3177 452 3247 nisi
461 3179 605 3276 sequius
615 3174 712 3250 foret
722 3177 962 3276 interpretari
976 3181 1115 3274 saepias
1123 3173 1278 3264 dixisse,

266 3314 548 3396 comparantem
559 3320 645 3370 cum
657 3323 703 3370 eo
714 3297 944 3397 quodmodo
955 3297 1118 3384 dixerat·;
1128 3312 1166 3370 et
1176 3313 1278 3370 certe

268 3415 387 3486 multo
411 3418 531 3487 rarius
551 3433 624 3503 est,
653 3441 774 3489 imum
803 3414 1005 3514 aliquando
1027 3440 1099 3514 pro
1125 3414 1278 3487 duobus
