2790 4668
157 427 226 474 nur.
253 425 308 475 111.
335 425 383 470 or
408 421 544 471 nonius
563 421 734 486 verrius,
760 421 871 469 rrrsr.
899 423 980 470 xnv.
1010 379 1079 471 52'5

82 539 273 635 interjecto
294 552 486 634 tempore,
514 549 700 633 perpetuo
728 532 868 632 refugi,
897 537 1077 633 majorem

82 658 119 726 in
131 654 284 728 modurn
300 679 369 752 per
389 653 588 724 amicitiam
610 653 720 723 etiam
739 655 853 761 atque
864 655 1080 726 etiam-con-

84 772 219 860 tendit,
238 786 279 842 ut
296 770 408 842 simul
429 793 507 842 esse
530 769 685 857 vellem,
712 793 833 866 eoque
858 786 968 868 pacto
991 797 1080 844 exo·
1188 855 1190 860 ,

83 891 191 977 ravit,
210 904 252 960 ut
268 889 354 988 plus
369 888 551 985 temporis
572 887 809 983 inquisitioni
827 887 1015 978 daremus,
1031 917 1080 962 an

82 1031 208 1106 reapse
220 1005 358 1080 mulier
371 1021 520 1076 mortua
532 1019 647 1092 esset,
662 1029 775 1102 quam
789 1029 834 1076 ex
849 1007 956 1104 cujus
968 1011 1084 1106 partis

84 1124 178 1196 vitio.
210 1126 384 1214 Quorum
413 1121 507 1194 illud
542 1136 646 1192 tanto
670 1121 885 1220 diligentius
910 1129 1082 1223 praestiti-

85 1266 183 1330 mus,
206 1241 313 1339 quod
341 1240 472 1315 oculos
497 1266 575 1310 non
605 1238 699 1315 adeo
725 1240 918 1331 turbidos,
944 1269 1084 1344 corpus

84 1374 201 1430 autem
229 1351 324 1430 nihil
348 1355 466 1429 ferme
490 1356 673 1456 rigidum,
701 1371 737 1428 et
758 1357 940 1431 decimae
960 1380 1082 1438 morte

84 1475 173 1550 hora
189 1478 289 1548 circa
303 1475 498 1548 thoracem
526 1476 636 1547 etiarn
657 1489 737 1546 tum
756 1475 904 1566 calens,
923 1491 968 1550 eti
992 1487 1082 1553 anni

87 1609 251 1692 tempore
262 1594 484 1673 invenimus.
502 1593 632 1692 ltaque
648 1616 780 1664 eorum
798 1618 985 1668 memores
999 1623 1083 1694 quae

86 1711 244 1786 Galenus
264 1716 317 1806 (1)
348 1737 393 1782 ex
421 1709 616 1782 Heraclide
644 1711 820 1796 Pontico,
851 1737 897 1783 ex
925 1714 1083 1812 aliisque

87 1829 212 1926 priscis
241 1827 399 1900 medicis
424 1845 801 1915 commemoraverat,
831 1829 926 1901 nihil
948 1856 1081 1904 eorum

88 1971 163 2043 quae
188 1962 303 2035 tunc,
328 1961 393 2016 aut
412 1959 541 2042 postea
562 1946 604 2030 in,
619 1944 803 2040 ejusmodi
821 1947 1084 2044 explorationi·

87 2061 155 2136 bus
174 2062 263 2136 fieri
290 2078 590 2150 consueverunt,
618 2065 943 2160 pretermisimus,
971 2070 1084 2140 nimi-

87 2204 166 2252 rum
193 2195 328 2280 carptae
353 2181 445 2251 lanae
470 2177 689 2267 flocoulum,
707 2181 832 2252 tenuis
859 2185 955 2256 cerei
981 2183 1084 2258 flam·

90 2297 244 2385 mulam,
267 2297 429 2368 nitidum
450 2293 643 2394 specu'lum
670 2295 717 2368 ad
738 2321 798 2385 os,
817 2324 1001 2398 naresque
1018 2303 1084 2375 ad-

89 2439 262 2488 movere:
297 2416 477 2513 poculum
514 2439 618 2511 aquae
660 2414 817 2511 plenum
852 2417 1086 2510 scrobiculo,

90 2549 197 2628 quem
209 2549 369 2620 vocant,
387 2530 527 2619 cordis,
546 2545 582 2600 et
603 2555 680 2600 nou
708 2531 775 2599 uni
798 2536 1086 2628 pectoris1000‚

90 2653 190 2745 quasi
205 2649 412 2723 Winslo'wii
440 2647 496 2745 (a)
524 2648 666 2718 monita
693 2646 981 2740 divinassemus‚
1014 2656 1082 2726 im-

91 2788 253 2861 ponere:
281 2791 453 2854 manum,
473 2765 685 2863 digitosque
707 2790 786 2836 non
803 2766 918 2840 modo
937 2770 984 2840 ad
1003 2797 1086 2842 cor·

91 2881 143 2956 dis
161 2888 372 2983 regionem,
388 2908 519 2954 verum
535 2884 647 2954 etiam
664 2881 711 2952 ad
724 2883 909 2957 carotides
925 2888 964 2958 in
985 2890 1083 2960 collo

93 3003 255 3086 arterias,
276 3001 374 3072 etad
392 3001 535 3088 iliacas,
562 3023 635 3096 qua
656 3023 724 3096 per
741 3003 926 3076 anteriora
946 3008 1086 3080 ossium

93 3117 198 3212 pubis
214 3115 260 3190 ad
278 3115 420 3208 semera
437 3115 692 3202 descendunt,
710 3142 874 3214 quorum
890 3121 992 3194 illud¹
1002 3141 1088 3224 pos*

93 3247 148 3306 tea
165 3233 400 3308 confirmavit
418 3235 572 3306 illustris
597 3236 774 3307 Senecius
792 3234 870 3332 (3),
896 3237 970 3310 hoc
996 3242 1102 3316 olims

93 3351 341 3448 Riolanusslp)
366 3367 733 3451 praemonstraverat,
766 3354 900 3444 semel,
931 3359 1087 3456 iterum²

147 3677 173 3754 ι)
194 3679 227 3733 C.
245 3675 262 3732 5
278 3693 367 3752 supra
384 3675 422 3730 ad
437 3695 466 3730 n.
487 3691 524 3730 ro
541 3674 590 3730 cit.
629 3708 633 3717 ·

197 3779 285 3835 Mem.
302 3778 338 3832 de
352 3777 462 3834 l’Acad.
476 3793 540 3851 roy.
555 3775 606 3830 des
621 3774 776 3846 Sciences,
789 3795 838 3834 an.
857 3780 941 3849 1738.

198 3877 299 3948 'fraite
311 3875 352 3931 du
365 3893 447 3934 coeur
455 3916 463 3945 ‚
478 3877 498 3930 l·.
516 3875 549 3946 3,
562 3870 609 3932 ch.
622 3893 650 3944 7,
661 3891 690 3928 n.
706 3872 734 3928 5.

195 3972 362 4033 Encheirid.
379 3976 400 4032 l.
417 3973 450 4044 5,
469 3993 494 4029 c.
512 3973 548 4040 46
564 3991 640 4032 vers.
655 3971 753 4032 finem.
