2746 4674
166 440 233 486 ΗΒ.
262 435 315 488 111.
345 441 391 488 DE
417 439 552 514 Moums
576 441 750 509 verrius,
776 445 886 494 Errsr.
914 449 971 495 XL.
1004 433 1067 514 141

79 556 279 652 ingressum
286 550 407 652 usque
415 555 454 624 in
465 554 602 626 lienem
612 555 689 628 tola
701 560 978 656 propemodum
989 589 1073 636 con·

80 672 187 745 stabat
202 697 249 744 ex
265 671 432 744 ossibus:
454 687 607 770 eratque
621 691 804 772 praeterea‘
823 679 941 750 multo
958 705 1073 778 quam

81 790 206 879 soleat,
221 791 342 862 latior.
361 785 474 888 Splen
486 804 612 861 tamen
624 845 634 879 ,
647 809 830 889 quantum
839 817 968 868 sensus
981 797 1075 893 judi·

79 929 152 978 care
162 923 356 1006 poterant,
370 931 481 979 sanus
494 921 583 979 erat.
602 909 998 1010 Fellisvesiculaaequo
1009 915 1075 984 mi·

78 1023 229 1096 norfuit.
241 1031 368 1096 Renes·
379 1049 449 1123 pro
461 1039 599 1096 statura
609 1028 729 1124 parvi,
745 1043 781 1099 et
793 1055 1009 1128 quanquam
1019 1035 1076 1104 in*-

79 1145 181 1216 terius
194 1145 277 1215 sani
292 1141 533 1232 videbantur,
549 1145 731 1216 exteriore
749 1161 874 1218 tamen
884 1147 975 1220 facie
991 1151 1075 1222 inae-

80 1261 178 1357 quali.
189 1263 366 1333 Urinaria
378 1277 505 1334 autem
517 1261 639 1332 vesica
653 1287 805 1361 magna,
822 1281 857 1336 et
867 1267 1073 1364 parietibus

79 1377 326 1468 valdecrassis,
336 1379 464 1478 quales
475 1379 567 1450 iniis
577 1404 656 1466 esse
667 1400 945 1454 consueverunt
953 1386 1019 1481 qui
1029 1411 1074 1458 ex

80 1495 354 1584 calculo,aliave
367 1519 477 1567 causa
488 1493 830 1570 urinaedifficultate
840 1499 1072 1575 laborarunt.
1135 1545 1142 1562 ·

120 1613 171 1686 23.
198 1619 323 1686 Senex
341 1613 448 1694 alter,
472 1637 592 1689 annos
619 1629 749 1701 natm,
768 1623 953 1713 quantum
978 1623 1073 1691 aesti·

79 1733 160 1801 mari
176 1746 349 1831 poterat,
365 1732 572 1830 sexaginta,
591 1724 787 1804 mendicus
804 1732 919 1820 ade0,
939 1751 981 1806 ut
1000 1738 1072 1808 sibi

79 1849 205 1920 victum
222 1863 409 1948 quaereret
426 1849 486 1919 vel
505 1874 549 1920 ex
569 1849 765 1920 melonum
793 1852 1014 1942 corticibus,
1037 1871 1074 1925 et

81 1966 105 2036 si
119 1992 195 2064 quae
211 1969 286 2039 alia
299 1965 486 2063 ejusmodi
501 1967 540 2036 in
555 1967 912 2064 viasprojiciuntur,
926 1993 1003 2040 non
1020 1996 1074 2042 se-

83 2084 261 2169 melantea
277 2085 316 2154 in
327 2081 589 2156 nosocomium
597 2082 671 2154 hoc
681 2099 833 2156 venerat
844 2085 893 2155 ob
910 2083 1074 2178 febrem,
1118 2119 1121 2124 ·

82 2215 111 2271 et
125 2201 378 2301 oppressionis
397 2225 549 2273 sensum
570 2196 609 2272 irl
622 2200 792 2290 thorace,
812 2228 926 2300 quem
941 2201 1074 2276 diffici-

82 2314 118 2390 lis
129 2320 343 2419 respiratio,
362 2317 495 2390 debilis
510 2320 658 2416 pulsus,
672 2333 709 2389 et
726 2321 905 2427 tussicula
919 2314 1074 2393 comita·

81 2431 177 2509 batur
191 2437 357 2527 assidua,
377 2451 486 2536 sputa
508 2437 674 2509 educens
696 2463 779 2536 quaa
803 2453 940 2510 vocant
957 2455 1074 2510 catar-

82 2551 194 2627 rhalia.
214 2555 293 2627 Ubi
314 2555 507 2654 paululum
530 2553 818 2627 sibi-videbatur
839 2557 1002 2645 levatus,
1034 2560 1074 2628 in

82 2673 146 2746 vias
160 2675 300 2746 iterum
316 2672 458 2761 exibat,
476 2698 546 2744 nec
569 2673 690 2744 multo
708 2689 794 2771 post
812 2689 984 2772 tempore
1006 2699 1074 2747 no·

84 2795 281 2864 socomium
295 2775 509 2890 repetebat3
528 2779 729 2905 norissime
748 2797 873 2863 autem
889 2794 985 2864 circa
1001 2819 1076 2864 me·

84 2903 173 2978 dium
178 2909 395 3004 januarium
403 2909 494 2978 anni
508 2915 612 3005 1747,
628 2909 678 2979 ita
691 2910 908 2993 emaciatus,
921 2923 957 2979 et
974 2933 1076 2978 mor·

84 3018 141 3114 bo,
150 3023 306 3126 frigore,
320 3025 444 3098 inedia
456 3023 649 3099 conlectus
659 3025 787 3113 rediit,
799 3041 841 3139 ut
852 3026 965 3124 pa'ulo
979 3043 1078 3124 post:

86 3165 185 3238 quam
198 3159 374 3232 venerat,
393 3159 555 3216 mortem
575 3143 708 3216 obiret.

124 3262 307 3334 Cadavere
325 3263 365 3331 in
387 3262 534 3358 publica
546 3253 719 3334 anatome
732 3281 822 3334 usus
838 3287 938 3350 sum,
953 3261 1076 3338 donec

85 3377 238 3452 melioris
258 3382 366 3476 copia
383 3377 499 3450 fieret.
516 3385 646 3476 Itaque
660 3394 696 3450 et
712 3381 853 3450 ventris
866 3395 902 3450 et
912 3380 1078 3471 thoracis

85 3493 212 3568 viscera
226 3497 545 3599 perlustravimus.
563 3497 622 3567 'Ut
648 3495 694 3566 de
714 3495 816 3568 hisce
831 3496 998 3592 primurn
1016 3496 1079 3568 hic

88 3607 213 3700 dicam,
231 3641 279 3694 ¹ex
297 3614 438 3712 quibus
454 3616 732 3712 praecipuorum
745 3604 911 3683 hominis
926 3613 1080 3684 morbo·

88 3721 162 3798 rum
188 3756 316 3804 causas
349 3755 547 3828 agnoscas3
575 3730 724 3817 thorax,
755 3745 797 3828 ut
824 3729 1078 3827 pericardium

89 3865 247 3943 quoque,
264 3837 589 3946 eflusam'quidem
599 3845 732 3918 habuit
744 3870 895 3942 aquam,
909 3846 974 3916 sed
987 3870 1080 3943 pau-

91 3986 170 4037 cam.
190 3973 233 4042 At
254 3969 456 4068 pulmones
468 3969 515 4040 ad
533 3969 664 4058 latera,
681 3981 717 4038 et
736 3965 891 4038 dorsum
913 3966 1081 4040 valenter
